4676 5858
605 855 608 865 *
692 777 816 836 ‘antiit
840 773 1014 836 saecuti
1040 775 1354 836 TYPOGRAPHICI
1380 777 1593 836 tmxxxw.

537 955 691 1028 Mantua
714 955 880 1051 largitio
894 970 1058 1040 tumeat,
1082 955 1220 1028 Verona
1236 955 1412 1026 Catani.-

643 1073 795 1146 Gaudet
810 1071 993 1146 Borboni'o
1008 1072 1191 1168 lingonis
1208 1097 1276 1146 ora
1291 1069 1368 1144 luo.

348 1189 540 1286 eisitan,
564 1213 634 1287 per
652 1187 751 1262 And.
774 1189 1008 1262 Cratandrum
1035 1187 1161 1262 mense
1183 1186 1405 1288 septembri
1435 1214 1535 1264 anno
1555 1186 1607 1259 M.
1624 1187 1672 1260 D.
1691 1182 1876 1258 XXXlll.
1902 1217 1950 1240 -··

347 1305 413 1380 tol.
430 1322 465 1378 2
484 1304 663 1379 Borbonii
677 1305 830 1404 epistola
845 1305 892 1378 ad
915 1305 965 1381 D.
982 1307 1131 1378 Lucium
1152 1306 1302 1378 Stellam
1324 1345 1373 1362 -
1389 1304 1473 1378 finit
1495 1305 1558 1378 iol.
1581 1307 1658 1392 824.
1684 1302 1746 1376 lin
1769 1307 1823 1389 84.
1844 1300 1951 1397 Basi-
1991 1334 2000 1346 ·

348 1421 431 1492 leae
453 1446 525 1520 per
538 1422 655 1496 'Anda
676 1423 928 1508 Cratandrum‚
953 1421 1079 1498 mense
1094 1423 1331 1522 Septembri,
1361 1448 1460 1497 anno
1480 1424 1532 1497 M.
1556 1423 1606 1497 D.
1624 1422 1810 1494 xxxltt
1837 1420 1949 1492 Char.

349 1537 411 1612 lat
428 1537 505 1612 soll.
523 1564 602 1614 non
618 1537 704 1638 88ῃῖ
729 1545 806 1628 824.
827 1538 891 1612 lin.
910 1540 969 1616 25.
987 1545 1020 1614 8.
1036 1541 1312 1616 recollectione
1330 1539 1567 1614 Herbiaiana.

539 1708 669 1764 Panaeri
684 1707 781 1763 annal.
798 1723 917 1783 typogr.
939 1709 974 1766 T.
993 1707 1020 1764 6.
1034 1728 1064 1783 p.
1077 1710 1141 1784 295.
1159 1709 1196 1766 N.
1222 1703 1286 1780 428.
1307 1711 1434 1764 Clemem
1450 1711 1486 1765 T.
1510 1709 1537 1774 5,
1555 1728 1584 1783 p.
1600 1702 1645 1780 87
1667 1710 1765 1762 notam
1790 1705 1953 1779 sequentem

637 1801 892 1856 exBunneniarino
908 1815 1065 1856 extractam
1082 1799 1195 1881 adjecit.
1223 1802 1238 1874 ζ
1266 1804 1456 1858 innotuerunt
1473 1799 1548 1854 milii
1563 1815 1689 1873 quatuor
1704 1800 1844 1854 editiones
1860 1815 1949 1870 nuge-

638 1909 714 1946 rum.
735 1893 791 1964 (i).
809 1893 920 1947 Primae
936 1894 1125 1948 Maittairiur
1152 1893 1230 1968 apud
1253 1895 1408 1968 Vascosan.
1436 1895 1513 1963 1533·
1533 1892 1642 1946 nudum
1659 1891 1777 1945 titulum
1797 1889 1883 1944 dedit.
1904 1891 1950 1957 (a)

499 1975 513 1992 ”
638 1981 769 2038 Secundi
787 1982 875 2038 estin
897 1985 989 2051 meis,
1017 1983 1094 2040 editi
1110 1983 1243 2058 Bastleae
1267 2003 1320 2060 per
1340 1985 1434 2042 Andr.
1459 1982 1657 2041 Cratandriim
1678 1976 1955 2056 meniofficptcmbii

639 2075 717 2132 153³.
743 2075 845 2149 :Van
864 2075 913 2132 ilci
930 2075 1041 2134 Hardt.
1060 2075 1099 2134 L.
1121 2097 1145 2140 c.
1157 2079 1194 2136 T.
1208 2071 1236 2132 3.
1253 2095 1281 2151 p.
1297 2079 1361 2134 aio.

981 2295 1036 2370 Μ.
1061 2293 1110 2370 D.
1136 2293 1323 2370 XXXVI.

449 2477 530 2569 ill·
556 2513 607 2530 -·
631 2473 673 2548 C.
704 2473 820 2574 Cuspi
839 2473 991 2572 Salustii
1007 2473 1298 2572 historiographi
1317 2467 1501 2545 clarillimi
1523 2511 1569 2528 -
1581 2469 1624 2543 L.
1637 2469 1759 2568 Sergii
1775 2469 1957 2540 Catilinae

350 2439 367 2482 ἢ

234 2665 240 2676 ,
317 2598 321 2608 ’
353 2601 486 2664 contra
503 2590 722 2664 Romanum
736 2591 920 2666 Senatum
939 2589 1167 2688 conjuratio,
1186 2587 1248 2663 seu
1261 2577 1404 2664 bellum
1421 2586 1694 2663 catilinarium.
1711 2627 1758 2643 —
1777 2587 1870 2660 item
1880 2581 1959 2660 bel-

352 2701 434 2776 lum
450 2704 738 2802 Jugurthinum.
756 2749 802 2766 -
824 2707 975 2802 Quibus
995 2705 1187 2781 corollarii
1206 2705 1289 2782 vice
1306 2705 1553 2795 accellerunt,
1582 2731 1679 2808 quae
1696 2703 1874 2804 proxima
1891 2727 1958 2802 pa-

353 2817 441 2916 gina
459 2821 712 2896 continentur.
728 2821 883 2918 Parisiii⁸
900 2823 1001 2924 apud
1018 2825 1197 2899 Simonem
1218 2825 1428 2898 Colinaeum
1445 2823 1500 2902 M.
1520 2825 1569 2899 D.
1591 2823 1780 2897 XXXVI.
1798 2847 1885 2894 cum
1904 2819 1960 2894 in-

353 2931 440 3032 fign.
470 2951 620 3036 typogr.
642 2951 680 3012 et
705 2937 967 3040 inscriptione:
995 2939 1116 3016 virtus
1140 2943 1237 3016 hanc
1264 2943 1386 3019 aciem
1410 2940 1487 3018 sola
1508 2941 1686 3016 retundit.
1712 2983 1762 2996 -
1792 2939 1895 3013 Haec
1921 2937 1960 3010 in

353 3049 491 3126 fronte.
506 3054 570 3139 fol,
592 3055 674 3130 eod.
692 3057 730 3136 b.
749 3083 779 3130 c.
798 3053 916 3158 Crispi
928 3058 1080 3154 Salustii
1093 3053 1133 3131 in
1146 3059 1199 3132 M.
1225 3047 1300 3131 Tul.
1325 3061 1528 3131 Ciceronem
1545 3057 1859 3132 invectiva-M.
1880 3053 1971 3129 Tul·

359 3169 540 3244 Ciceronis
562 3171 601 3245 in
629 3173 820 3270 Salustium
846 3174 1115 3248 recciminatio.
1144 3173 1387 3272 —ejusdem
1415 3175 1596 3245 Ciceronis
1621 3173 1661 3244 in
1686 3174 1729 3246 L.
1760 3171 1959 3246 Catilinam

355 3287 546 3362 orationes
576 3285 640 3363 seu
668 3290 880 3366 invectivae
906 3307 1083 3391 quatuor.
1107 3331 1158 3351 -
1171 3288 1297 3364 Porcii
1308 3288 1488 3364 Latronis
1512 3289 1551 3362 in
1574 3287 1740 3363 eundem
1762 3292 1960 3362 Catilinam

357 3399 593 3480 declamatio.
608 3447 658 3464 -
675 3407 903 3507 Fragmenta
920 3407 1107 3509 quaedam
1122 3434 1168 3482 ex
1186 3406 1291 3480 libris
1311 3405 1551 3480 historiarum
1563 3405 1605 3480 C.
1626 3401 1743 3504 Crispi
1755 3405 1961 3500 Salustii-

354 3543 445 3593 cum
461 3521 698 3621 alphabetico
713 3524 962 3600 iloeculorum
973 3524 1268 3601 Salustianorum
1284 3522 1561 3599 abHuldericlio
1568 3523 1724 3597 Hutteno
1733 3521 1960 3596 selectorum

356 3632 498 3724 indice,
516 3638 561 3712 ad
580 3641 720 3718 calcem
740 3641 901 3720 adiecto.
919 3684 967 3704 -·
982 3642 1048 3721 iol.
1065 3670 1099 3718 2.
1121 3668 1202 3718 non
1216 3641 1304 3740 lign.
1321 3665 1369 3714 ex
1392 3639 1497 3714 libris
1516 3641 1618 3730 Petri
1636 3642 1768 3716 Criniti
1783 3638 1830 3712 de
1850 3639 1960 3712 hitto·
2017 3653 2021 3667 “

356 3753 445 3827 ricis
462 3782 504 3828 ac
524 3755 738 3830 oratoribus
755 3759 899 3844 latinis,
916 3755 1069 3855 Salustii
1081 3757 1168 3833 vita
1184 3756 1248 3835 iol.
1266 3765 1299 3846 4.
1316 3757 1695 3854 JacobiBononiiinsis
1707 3757 1747 3830 in
1759 3758 1958 3830 Catilinam
2041 3767 2043 3770 ’

360 3867 512 3966 Salustii
531 3875 986 3950 annotationunculae-
1005 3874 1070 3950 fol.
1092 3903 1120 3951 1.
1147 3873 1232 3973 lign.
1262 3873 1397 3974 incipit
1421 3873 1462 3949 C
1491 3875 1607 3976 Cuspi·
1621 3873 1772 3970 Salustii
1790 3874 1887 3948 liber
1910 3873 1958 3947 de

358 3989 618 4100 conjuratione
641 3993 903 4066 Catilinae-
854 4019 962 4092 -·.p
983 3993 1067 4068 283.
1090 3992 1154 4068 lin.
1183 3992 1236 4066 18.
1255 3991 1341 4064 linio
1367 4007 1460 4090 orat.
1488 3992 1535 4066 de
1561 4018 1640 4092 rep.
1663 3990 1883 4068 ordinanda.
1911 4033 1960 4050 -

358 4093 564 4206 sequuntur
582 4105 695 4184 ilores
710 4137 759 4183 ex
777 4106 931 4205 Salustii
950 4137 1021 4210 per
1032 4107 1269 4183 Huldriclium
1277 4108 1469 4180 Huttenr'tm
1487 4109 1646 4184 selecti
1631 4153 1678 4169 -
1693 4133 1860 4210 quorum
1874 4110 1960 4182 finis

358 4221 436 4296 foll.
457 4225 535 4321 187.
560 4224 622 4301 lin.
645 4253 698 4300 11.
716 4227 889 4302 -Chon
908 4227 968 4301 lat.
995 4253 1080 4328 pag.
1102 4225 1189 4326 lign.
1214 4224 1297 4300 283.
1319 4215 1445 4308 foll.
1428 4250 1469 4318 in
1493 4241 1578 4300 toto
1604 4228 1683 4320 175.
1705 4227 1768 4298 lin.
1788 4225 1845 4342 33.
1870 4252 1959 4300 cum

357 4313 665 4440 81οῶ8888888.
746 4356 799 4377 ·“’
1768 4393 1771 4402 ·
1867 4387 1872 4396 =

551 4512 680 4569 Parnzei'
651 4459 1077 4592 rinneltypogrfflllp
1097 4455 1676 4606 wittaettiteitffffaptio

458 4681 539 4778 745.
567 4725 613 4742 -
640 4683 809 4758 Omni'um
820 4685 983 4782 gentium
1002 4709 1139 4770 mores,
1169 4685 1270 4782 leges
1290 4698 1331 4757 et
1345 4683 1441 4756 ritui
1462 4707 1510 4756 ex
1526 4679 1655 4756 multis
1680 4677 1885 4756 clariilimis
1901 4707 1962 4756 re·
1996 4663 2001 4671 Ι

362 4823 450 4872 rum
468 4798 733 4898 scriptoribus,
760 4805 783 4874 ὲ
799 4801 938 4873 Ioanne
955 4801 1091 4876 Boiano
1113 4801 1268 4874 Aulona
1287 4797 1484 4873 teutonico
1497 4821 1623 4899 nuper
1636 4797 1812 4886 collecti,
1834 4814 1873 4873 et
1889 4824 1960 4873 no·

362 4913 506 4992 villime
523 4903 722 5015 recogniti.
744 4917 929 4993 -tribui
946 4917 1052 4993 hirii
1069 4913 1413 5016 tliiolutum'bpiio,
1428 4916 1659 5019 otphricon.
1686 4915 1812 4992 Afiem
1828 4931 1867 4991 et
1884 4917 1959 4989 Eu-
