4676 5858
384 705 432 778 60
661 711 948 774 connnuarro
975 710 1181 770 caranoor
1207 709 1426 770 2222202022
1449 711 1698 772 2222202222

373 895 427 972 Μ.
444 894 492 969 D.
512 889 663 965 XXIX.
682 929 726 948 -
744 889 808 964 101.
831 917 858 962 2.
876 887 912 964 b.
929 887 1110 964 Proernio
1122 885 1168 976 ,di
1184 887 1326 984 Bamst.
1338 886 1540 987 Alesandro
1556 891 1747 964 Jaconello
1764 887 1803 963 di
1814 889 1976 962 fliete-

373 1007 621 1105 101527.1122.
642 1007 701 1081 23.
719 1008 916 1107 Stampata
940 1005 981 1080 iu
1004 1006 1178 1102 megia,
1209 1033 1232 1080 a
1247 1005 1352 1081 fanto
1370 1004 1494 1108 Moyse
1515 1007 1615 1082 nelle
1641 1005 1722 1082 case
1748 1031 1850 1080 nove
1865 1005 1976 1081 Juti·

371 1128 497 1212 niane.
514 1151 586 1226 per
596 1124 791 1223 Francesco
809 1122 847 1197 di
866 1122 1085 1220 massonem
1092 1123 1260 1197 szdoni
1270 1139 1308 1198 et
1316 1123 1472 1224 Mapheo
1490 1107 1638 1220 Pasini:
1655 1111 1867 1224 co‘mpagni.
1885 1121 1976 1198 nelli

377 1245 467 1322 anni
484 1243 544 1318 del
562 1242 707 1343 fignore
730 1243 833 1339 2529.
855 1239 914 1314 del
933 1237 1033 1316 mese
1051 1239 1090 1312 di
1106 1242 1256 1338 Agotto.
1280 1239 1350 1314 fol·
1364 1238 1438 1340 sep.
1456 1239 1603 1316 Tavola
1631 1256 1669 1315 et
1687 1240 1839 1340 infigne.
1863 1254 1975 1340 typo·

375 1363 509 1463 grapb.
526 1359 642 1456 Cbar.
662 1359 724 1434 lat.
741 1383 831 1434 cum
848 1355 1000 1456 imagin.
1018 1355 1080 1454 lig.
1099 1354 1202 1432 iucif.
1222 1355 1299 1430 foll.
1319 1357 1401 1430 528.
1422 1356 1507 1456 [ign.
1525 1357 1589 1434 1122.
1611 1385 1669 1456 29.
1685 1359 1720 1432 8.
1962 1377 1971 1388 ’

565 1527 693 1582 eamn·
706 1525 802 1584 annal.
819 1541 938 1602 typogr.
954 1518 1029 1583 Τ.8.
1042 1543 1070 1599 p.
1081 1525 1145 1580 323.
1155 1524 1194 1580 N.
1211 1518 1286 1598 2498.
1305 1525 1372 1579 Pars
1391 1523 1515 1580 secunda
1527 1522 1723 1582 bibliothecas
1743 1523 1853 1581 nostras
1870 1523 1953 1581 deest.

1021 1753 1082 1856 Μ’.
1108 1780 1158 1854 o.
1175 1757 1333 1856 'xxxi

477 1993 558 2092 736.
577 2032 618 2050 ·-
635 1989 880 2066 Grammatico
898 2012 1033 2087 graeca
1043 1987 1263 2077 Philemon,
1285 1991 1360 2066 iam
1378 1990 1504 2066 denuo
1523 1988 1736 2089 recognita,
1763 2001 1876 2090 atque
1888 1987 1984 2060 222221-

382 2115 430 2189 tis
450 2113 489 2188 in
508 2109 604 2185 locis
622 2108 822 2208 locupleta.
841 2145 886 2164 -·
906 2105 1030 2181 Nicol.
1047 2105 1242 2188 Gerbelrias.
1271 2147 1319 2164 -·
1335 2107 1421 2182 Hoc
1439 2106 1554 2183 creda
1571 2105 1784 2207 quondam.
1809 2118 1853 2180 ut
1873 2103 1981 2177 calle-

380 2244 467 2305 rent
488 2231 653 2314 Graeca,
675 2225 802 2300 libello
822 2224 1010 2324 Calliopen
1028 2224 1187 2302 comites
1206 2222 1380 2300 erudiiffe
1397 2224 1488 2300 suas.
1508 2223 1658 2298 Johann
1677 2223 1847 2296 Secercbs.
1876 2221 1982 2294 Haec

371 2347 454 2420 'iter
470 2344 516 2420 ad
533 2341 677 2429 musas,
694 2341 758 2416 bic
778 2366 913 2440 graeca
929 2339 1121 2442 latinaque
1135 2340 1249 2416 disces
1268 2367 1383 2418 aurea
1400 2341 1462 2415 cui
1479 2339 1607 2426 cordi.
1629 2339 1777 2438 virgula
1800 2333 1984 2413 Mercurii

385 2466 445 2539 est.
464 2461 674 2562 Hayanoae
698 2483 768 2559 per
790 2457 940 2532 Johann
958 2457 1130 2531 Secemm.
1157 2484 1257 2533 anno
1274 2458 1328 2534 M.
1343 2458 1391 2534 D.
1403 2456 1553 2533 XXXI.
1580 2455 1708 2530 mense
1728 2453 1858 2530 Junio.
1882 2453 1987 2527 Haec

384 2580 424 2654 in
446 2577 584 2652 fronte.
606 2574 670 2649 101.
696 2601 726 2650 2.
747 2573 811 2648 1122.
842 2600 896 2648 20.
917 2581 1039 2652 Tito}
1062 2616 1113 2634 -
1131 2574 1194 2650 fol.
1218 2575 1300 2650 eod.
1331 2575 1366 2651 b.
1386 2575 1556 2678 sequitur
1580 2572 1659 2650 vita
1675 2573 1830 2648 Homeri
1853 2597 1900 2645 ex
1913 2567 1986 2642 He-

385 2697 506 2770 rodoto
533 2708 571 2766 et
595 2691 758 2765 Luczbm‘
774 2689 926 2789 Cupido
950 2717 1084 2792 graece
1113 2691 1243 2769 -101,
1266 2693 1345 2784 248.
1378 2693 1441 2768 lin.
1466 2719 1501 2794 9.
1521 2697 1642 2768 ΤελοΣ
1668 2716 1757 2768 cum
1778 2689 1906 2790 insign.
1928 2701 1987 2787 ty·
2065 2711 2071 2721 ·

385 2837 494 2913 pogr.
520 2809 632 2884 Char.
652 2831 773 2906 graec.
789 2806 851 2881 lat.
874 2807 966 2906 eleg.
988 2809 1066 2890 1011.
1091 2815 1265 2906 24922022
1286 2809 1583 2909 119221122258.

2022 2285 2037 2332 b

577 2975 681 3032 Editio
700 2972 844 3050 praestans
862 2962 1021 3033 Moitairio
1039 2992 1066 3032 et
1082 2977 1215 3033 Pontem
1232 2978 1392 3054 incognita.
1543 3021 1551 3036 ,.

487 3161 568 3260 737.
582 3200 632 3219 -
654 3159 851 3259 Catalogus
870 3157 1101 3261 scriptorum
1121 3160 1468 3247 ecclefiasticorum‚
1498 3160 1571 3234 slve
1590 3159 1788 3234 illustrium
1801 3157 1988 3242 virorum,

391 3305 479 3357 cum
498 3279 708 3379 appendice
726 3303 872 3364 eorum,
893 3278 959 3380 qui
975 3283 1100 3352 nostro
1118 3277 1234 3352 etiarn
1246 3276 1372 3351 secuto
1385 3273 1582 3348 doctiffimi
1602 3275 1773 3348 claruere
1788 3299 1858 3374 per
1876 3299 1989 3348 vene

391 3397 551 3472 rabilem
566 3395 710 3481 virum,
732 3395 932 3469 dominum
948 3396 1154 3467 Johannem
1171 3397 1192 3464 a
1210 3391 1446 3476 Trittenhem‚
1466 3389 1640 3464 abbatem
1658 3386 1991 3490 Spanbemenfem

303 3573 306 3580 «
392 3511 637 3589 differtissime
656 3509 891 3610 conscriptus
908 3536 997 3582 curn
1013 3507 1255 3608 Epigramate
1278 3505 1481 3580 sebastiani
1500 3508 1628 3581 Brant.
1644 3533 1743 3582 anno
1759 3507 1812 3580 M.
1822 3507 1871 3583 D.
1882 3504 1991 3576 XXI.

389 3631 495 3705 Haec
517 3629 556 3701 in
575 3627 702 3702 fronte
721 3669 763 3682 -
780 3625 843 3700 fol.
868 3653 896 3700 1.
916 3624 950 3699 b.
971 3651 1050 3699 non
1075 3623 1160 3723 fign.
1188 3624 1302 3699 index
1317 3667 1367 3684 --
1386 3623 1449 3698 fol.
1475 3653 1506 3723 7.
1532 3624 1632 3725 epist.
1659 3624 1864 3699 Tn'tthemii
1885 3624 1931 3698 ad
1949 3621 1989 3694 P.

385 3745 612 3821 Moderer-
630 3742 694 3816 fol.
721 3742 757 3828 8,
775 3739 1006 3816 dedicatoria
1037 3741 1085 3816 ad
1106 3739 1195 3818 Joh.
1217 3741 1264 3817 de
1279 3749 1281 3752 ’
1294 3741 1461 3843 Dalberg
1487 3742 1648 3844 episcop.
1672 3744 1855 3817 Wormac.'
1875 3741 1939 3814 fol.
1960 3765 1988 3811 1.

388 3863 577 3962 'prologus
595 3859 830 3936 authoris-
850 3857 962 3934 1012.
986 3884 1095 3959 opus.
1113 3857 1242 3933 -fot
1264 3859 1341 3948 284.
1362 3859 1425 3934 lin.
1445 3861 1504 3936 32.
1519 3860 1605 3934 finis
1630 3859 1717 3934 ltbri
1733 3859 1780 3935 de
1799 3855 1991 3958 scriptori-

387 3979 460 4052 bus
479 3976 753 4054 ecelessastiticis
766 3974 998 4052 differtissimi
1010 3975 1130 4076 patris
1141 3975 1285 4050 domini
1299 3976 1463 4050 loannes
1478 3976 1693 4068 Trr‘ttenhem
1713 3974 1857 4051 abbatis
1868 3975 1990 4072 Span·
2039 4065 2044 4070 Ι

370 4084 580 4170 1120222222112
599 4118 686 4168 cum
706 4093 836 4169 multis
855 4091 1111 4169 additionibus
1128 4091 1326 4168 illustrium
1351 4093 1535 4170 virorum.
1559 4097 1732 4169 Colombe
1754 4119 1825 4193 per
1842 4117 1903 4167 me
1921 4088 1988 4161 Pe-

392 4229 484 4286 trum
506 4209 681 4314 Quentell.
703 4236 804 4287 222220
821 4209 966 4284 domini
985 4209 1037 4284 M.
1054 4199 1102 4283 I).
1119 4209 1268 4286 XXXI.
1285 4209 1396 4286 Char.
1415 4211 1477 4287 lat.
1494 4211 1623 4311 grand.
1638 4211 1714 4284 fou.
1735 4207 1822 4308 fign.
1846 4207 1922 4295 284.
1945 4204 1986 4276 122

395 4345 479 4404 toto
501 4355 580 4430 292.
600 4327 664 4402 1122.
682 4327 741 4404 38.
759 4334 795 4418 4.
1004 4349 1006 4354 ·
1809 4337 1816 4354 “

515 4475 519 4484 ’
582 4477 716 4554 ‘ramere
733 4495 838 4552 anno.
858 4511 975 4573 ηομ.
995 4495 1029 4550 2.
1046 4495 1073 4553 0.
1096 4516 1125 4574 p.
1141 4497 1206 4569 414·
1226 4495 1264 4552 rs.
1281 4496 1344 4572 604.
1360 4499 1510 4558 222000.
1531 4499 1593 4556 rna
1613 4500 1653 4554 11.
1671 4516 1700 4571 p.
1718 4509 1781 4572 297·
1796 4495 1857 4550 vn.
1875 4508 1901 4548 2.
1920 4489 1988 4550 mu.

621 4645 624 4650 .
692 4587 783 4645 catat.
802 4609 831 4664 p.
846 4587 890 4650 62,
908 4587 947 4646 N.
972 4582 1032 4644 282.
1051 4585 1110 4642 alia
1126 4585 1215 4643 aditio
1234 4586 1328 4644 22222120
1344 4593 1441 4647 222102
1455 4589 1610 4667 9222021122.

497 4770 576 4864 738.
604 4808 650 4828 -
674 4770 723 4844 D.
739 4771 944 4874 Haymom's
972 4769 1137 4873 episcopi
1155 4768 1490 4871 Helberstattensts‚
1521 4776 1566 4850 de
1592 4771 1773 4849 varietate
1790 4769 1989 4854 librorum,

400 4885 474 4964 five
492 4883 539 4961 de
558 4907 690 4961 amore
709 4887 869 4964 caelestis
885 4889 1049 4990 patriae,
1075 4887 1162 4964 libri
1180 4891 1246 4966 111.
1261 4907 1364 4966 nunc
1380 4891 1550 4994 primurn
1572 4889 1675 4993 typis
1702 4887 1835 4977 excufl,
1856 4927 1902 4949 -
1926 4885 1990 4960 co·
2050 4923 2054 4930 ·
