4676 5858
678 741 680 752 ·
706 737 826 796 mnu
851 733 1024 795 saecun
1049 734 1363 794 ruroonnrmcr
1389 737 1605 794 rrnxxvnr.
1922 723 1970 826 59

456 913 536 1011 733.
560 955 608 976 -
637 914 755 1014 Opera
771 914 812 1014 Q
818 911 1154 1013 septztnmmnut
1168 911 1495 988 Tertulliam'inter
1514 914 1650 988 latinos
1669 916 1967 1020 ecclefiaesorip«

359 1044 464 1105 tores
479 1030 607 1131 primi,
626 1030 701 1107 line
718 1055 886 1131 quorum
901 1027 1064 1103 lectione
1078 1028 1228 1103 nullum
1243 1027 1345 1102 diem
1364 1029 1639 1106 intermittebat
1654 1032 1746 1107 olim
1764 1035 1873 1114 divus
1893 1041 1962 1144 Q-

352 1151 526 1248 palinus,
549 1173 619 1248 per
639 1145 779 1220 beatum
796 1145 1015 1220 Rhenanam
1033 1144 1337 1220 selenadiensem
1357 1147 1377 1218 ὲ
1395 1146 1562 1221 tenebris
1588 1166 1696 1226 eruta
1713 1168 1827 1254 atque
1849 1161 1871 1231 a
1895 1161 1967 1236 litu

359 1290 433 1366 pro
442 1266 544 1340 virili
554 1265 761 1348 vindicato,
781 1262 935 1340 adiectis
951 1262 1183 1360 lingulorum
1198 1261 1386 1337 librorum
1406 1267 1654 1362 argumentis,
1679 1283 1718 1343 et
1735 1273 1873 1349 nullibi
1884 1303 1965 1352 nou

356 1382 598 1470 coniecturis,
616 1409 659 1456 ac
673 1408 798 1481 nuper
814 1379 1122 1456 annotationibus
1137 1378 1338 1454 fulloribus
1356 1379 1628 1481 superadditis,
1645 1387 1784 1486 quibus
1794 1393 1964 1468 vetustis·

356 1497 469 1574 fimus
491 1513 604 1573 autor
625 1523 705 1572 non
719 1497 839 1572 lolum
860 1496 1103 1580 emendatur,
1129 1494 1191 1569 sed
1208 1511 1247 1569 et
1262 1497 1466 1573 illustratur
1487 1514 1601 1600 atque
1617 1505 1831 1604 exponitur.
1858 1510 1965 1606 Quo-
1996 1589 2000 1598 ,

353 1641 442 1690 rum
465 1616 680 1715 catalogum
696 1616 876 1717 proxima
890 1614 1028 1716 pagina
1042 1613 1282 1713 reperies-
1299 1614 1449 1690 Floruit
1462 1614 1529 1691 lub
1551 1618 1675 1696 Caess.
1691 1649 1826 1699 severo
1847 1625 1964 1702 Peni-

264 1749 268 1756 '
353 1759 487 1820 nacae,
505 1750 544 1808 et
561 1733 749 1808 Antonino
770 1733 987 1818 Caracalla,
1012 1729 1120 1805 valde
1135 1728 1283 1804 vicinus
1298 1733 1555 1830 apostolorum
1574 1731 1834 1836 temporibus,
1860 1744 1962 1820 circa

353 1875 497 1924 annum
513 1849 691 1924 tchrino
705 1847 806 1950 pallo
822 1847 940 1922 CLX.
952 1888 997 1904 -
1007 1846 1606 1924 Bast‘leae.a1moM.D.XXVlll.
1620 1853 1746 1929 mense
1755 1857 1960 1935 Martio.-

353 1967 458 2041 Haec
475 1968 515 2041 in
532 1968 658 2042 fronte
678 1993 767 2041 cum
785 1965 915 2064 insigni
931 1981 1082 2066 typogr.
1100 1961 1324 2037 Frobemt'-
1344 1963 1407 2038 fol.
1422 1992 1451 2039 r.
1467 1965 1504 2039 b.
1522 1965 1727 2067 Catologus
1744 1999 1959 2072 operum..

361 2083 424 2157 sol.
442 2110 475 2156 2.
491 2084 644 2184 epistola
654 2084 699 2157 B.
708 2082 890 2156 Rhenam‘
902 2082 948 2157 ad
967 2083 1150 2156 lectorem
1167 2079 1288 2154 —fol
1302 2080 1378 2155 6.b.
1390 2081 1584 2157 annotatio
1601 2085 1961 2168 Vzizcentri'Lirr'nen-

344 2199 460 2295 Jis—
470 2199 533 2274 fol.
544 2228 574 2296 7.
586 2201 627 2274 B.
638 2198 977 2300 Rhenaniepistola
986 2195 1033 2275 ad
1042 2196 1259 2299 principem
1267 2199 1491 2274 Stamtlaum
1503 2199 1616 2272 Turro
1633 2200 1741 2302 episc.
1756 2205 1960 2284 olinae.-

351 2319 418 2396 fol.
432 2344 485 2391 ιο.
510 2317 715 2406 Tmolum·
729 2317 809 2393 rita
829 2341 913 2417 pag.
929 2344 959 2390 1.
981 2315 1071 2414 lign.
1088 2341 1188 2415 opus
1205 2315 1461 2388 Tenulrimi-
1478 2317 1606 2416 p679.
1622 2316 1685 2418 lin.
1708 2347 1762 2420 ⁸9·
1779 2324 1828 2420 Q.
1846 2329 1963 2428 Sepn:

347 2437 420 2506 mii
432 2435 611 2510 Horeniz's
630 2434 849 2509 Tertulliani
864 2431 1092 2534 apologetici
1119 2431 1295 2506 adversus
1313 2445 1444 2529 gentes
1463 2431 1559 2508 finis.
1575 2475 1624 2493 -
1640 2435 1809 2538 sequitur
1829 2443 1961 2519 edmo-

347 2550 446 2626 nitio
462 2551 509 2626 ad
523 2553 707 2628 lectorem
725 2567 763 2626 et
778 2551 893 2624 index
909 2550 973 2624 sol.
984 2550 1067 2644 367.
1081 2573 1164 2620 non
1182 2545 1242 2645 lig.
1262 2546 1326 2621 lin.
1335 2572 1393 2646 29.
1410 2549 1586 2646 Basileue
1606 2551 1644 2626 in
1665 2555 1821 2632 officina
1829 2560 1958 2634 Frobe-

346 2671 514 2743 mi'armo
532 2667 822 2741 M.D.xxvl11.
833 2709 878 2725 ·-
890 2666 953 2740 fol.
973 2663 1046 2763 leq.
1066 2662 1389 2762 infigneltobenztl
1407 2663 1591 2772 Char-lat.
1601 2671 1752 2768 grandis
1763 2689 1800 2748 et
1813 2673 1957 2775 splend.

349 2783 420 2857 litt.
435 2782 565 2858 initial.
577 2780 720 2856 incisae.
738 2780 870 2880 glollae
888 2779 1046 2902 margin.
1061 2805 1144 2880 pag.
1160 2780 1244 2881 fign.
1264 2782 1348 2882 679.
1367 2781 1445 2858 foll.
1470 2784 1510 2858 in
1527 2801 1612 2860 toto
1624 2787 1707 2863 368.
1726 2789 1788 2864 lin.
1806 2790 1864 2889 39.
1879 2793 1904 2866 f.

539 2951 669 3008 Ponere·
685 2950 782 3015 annal,
798 2963 917 3026 typogr.
934 2949 970 3011 Τ.
980 2947 1006 3014 6.
1024 2969 1053 3024 p.
1062 2948 1124 3023 462.
1144 2951 1182 3015 Ν,
1191 2947 1256 3007 685.
1278 2952 1342 3008 Van
1356 2948 1408 3008 der
1421 2952 1523 3009 Hordt
1540 2954 1560 3018 1,
1573 2973 1597 3010 o.
1614 2957 1650 3010 T.
1660 2957 1686 3020 3.
1702 2977 1732 3031 p.
1744 2957 1807 3032 164.

447 3136 529 3236 734.
555 3175 602 3196 ·-
628 3133 719 3208 Divi
734 3133 867 3231 Vrgilri‘
876 3131 1057 3231 martyris
1076 3130 1240 3232 episcopi
1260 3132 1476 3206 Tridentini
1495 3159 1592 3234 opus
1610 3153 1656 3210 ut
1672 3145 1877 3234 vetustum,
1902 3143 1956 3222 ita
2026 3146 2031 3156 ’

348 3281 503 3356 quoque
521 3253 815 3329 celeberrimum
832 3247 1159 3348 contraEuthycen
1177 3247 1347 3347 aliosque
1358 3249 1592 3336 haereticos,
1615 3252 1681 3350 qui
1697 3244 1814 3354 impie
1824 3261 1956 3336 Chris.

348 3387 431 3448 tum
445 3370 566 3446 lolum
584 3369 783 3445 hominem
804 3392 876 3440 nec
893 3365 1007 3440 deum
1026 3365 1276 3464 profitentur,
1302 3365 1483 3438 hactenus
1509 3363 1760 3442 desideratum
1780 3399 1802 3445 a
1821 3373 1956 3454 doctil-

349 3487 454 3564 simis
475 3487 579 3589 qood
601 3503 640 3561 et
665 3487 740 3561 hoc
756 3483 944 3559 saeculum
968 3482 1061 3558 tales
1081 3479 1322 3579 impudentes
1339 3480 1516 3556 homines
1531 3483 1755 3581 protulerit,
1782 3491 1959 3588 proderit

347 3607 471 3678 nollra
487 3618 609 3680 aetate
639 3629 793 3703 quoque
812 3599 1023 3700 plurimum
1033 3643 1083 3704 ¹-
1108 3597 1295 3694 Tubr'ngae
1318 3596 1420 3698 apud
1436 3599 1700 3676 Hulden'chnm
1724 3603 1959 3682 Mothardum

346 3717 474 3794 mense
489 3718 631 3792 Martio
656 3743 757 3792 anno
777 3715 1065 3796 M.D.XXVlll.
1093 3714 1582 3814 f01.2.schunentepirola
1598 3719 1645 3793 ad
1661 3719 1913 3796 Bemhardum
1935 3753 1958 3800 a

348 3837 437 3910 Gles
448 3833 563 3936 episc.
585 3833 758 3909 Trident.
778 3832 864 3907 data
879 3831 1066 3928 Tubingae
1085 3830 1625 3928 3.Ka1.Dec.1527.-.-f01.1.
1648 3835 1734 3934 fign.
1756 3837 1893 3938 incipit
1911 3841 1957 3915 li-

344 3953 415 4028 ber
433 3953 483 4031 D.
506 3952 639 4052 Vigilii
651 3965 784 4024 contra
799 3947 1046 4048 Euthycen-
1061 3948 1125 4022 fol.
1143 3973 1202 4023 22.
1221 3948 1284 4022 lin.
1294 3948 1352 4020 28.
1370 3945 1449 4023 divi
1470 3949 1955 4058 Vr'giliicontraEuthycen.

346 4070 432 4145 linis
447 4113 494 4129 -
511 4068 574 4143 fol.
600 4066 674 4168 leq.
694 4093 774 4141 non
798 4065 884 4164 sign.
910 4065 988 4138 vita
1012 4063 1091 4137 divi
1114 4065 1248 4164 Wgrlzi‘
1266 4103 1311 4124 -
1332 4063 1395 4140 fot.
1416 4066 1473 4138 26.
1492 4065 1556 4140 lin.
1576 4066 1635 4140 28.
1656 4067 1734 4141 dixi
1760 4072 1871 4149 Char.
1892 4076 1957 4151 lat.

361 4187 502 4287 splend.
520 4185 598 4261 loll.
618 4184 706 4284 lign.
723 4211 781 4257 22.
796 4183 837 4256 in
854 4196 938 4256 toto
956 4180 1016 4254 28.
1031 4180 1097 4258 lim
1116 4187 1174 4275 47.
1198 4177 1297 4278 gloll.
1319 4205 1435 4280 marg.
1460 4179 1528 4255 liu.
1551 4181 1631 4256 init.
1649 4182 1783 4263 incisae
1805 4191 1831 4265 f.

538 4365 667 4423 ranam·
681 4363 776 4430 annet
796 4377 912 4440 typogr.
929 4355 999 4428 128.
1017 4359 1117 4437 poto.
1138 4361 1179 4418 N.
1187 4379 1232 4432 7¹·
1248 4361 1352 4420 Μαίη.
1368 4361 1403 4420 T.
1413 4378 1440 4424 2.
1460 4379 1488 4436 p.
1500 4377 1566 4434 700.
1586 4358 1651 4422 Iud.
1666 4379 1695 4420 a.
1712 4383 1742 4439 p.
1754 4366 1820 4426 323.

994 4587 1049 4660 Μ.
1073 4585 1123 4661 D.
1149 4585 1298 4660 XXlX.

445 4761 525 4859 735.
539 4802 589 4822 -
604 4759 663 4834 Im
683 4761 806 4862 puina
816 4773 925 4859 parte
943 4756 1040 4834 delle
1063 4713 1146 4830 ¹nite
1173 4754 1210 4827 di
1226 4752 1423 4828 Plutarcho
1449 4754 1485 4828 di
1512 4783 1627 4856 greco
1651 4759 1689 4834 in
1709 4763 1849 4848 latino:
1871 4793 1891 4842 e
1911 4769 1950 4842 di

351 4875 468 4958 latino
505 4878 546 4956 iu
574 4877 728 4994 volgare
763 4875 927 4956 tradotte
952 4903 973 4952 e
999 4887 1233 4956 novamente
1272 4895 1346 4984 con
1378 4871 1413 4947 le
1442 4869 1506 4950 lue
1538 4875 1690 4954 hillorie
1724 4882 1951 4985 ristampate.

1573 4993 1615 5068 H
1637 5021 1662 5069 2
