4676 5858
384 728 433 814 64
663 733 949 802 cort'rtrttmrto
977 742 1181 801 CATALOGI
1208 741 1426 801 manorum
1452 741 1700 799 LATINORUM

383 945 521 1020 ropam
540 919 843 995 describentibus.
865 919 916 975 ’-
934 947 1013 995 non
1035 921 1108 998 fine
1134 920 1258 996 indice
1276 917 1575 1020 locupletissimo.
1603 959 1650 976 -·
1666 919 1770 992 Haec
1790 919 1831 992 in
1848 917 1983 994 fronte.
2101 975 2111 1004 ,

355 1135 358 1140 ¹
383 1063 471 1111 cum
489 1036 616 1136 insign.
640 1055 793 1138 typogr.
816 1054 856 1114 et
871 1035 1132 1138 inscriptione:
1160 1037 1333 1138 ingenuis
1364 1035 1486 1112 obesse
1514 1063 1563 1111 ne
1588 1035 1869 1135 provehantur,
1893 1061 1986 1134 pau-

382 1169 573 1254 pertatem
588 1153 760 1230 summia:
785 1172 824 1230 et
846 1155 944 1232 infra
964 1197 1008 1216 ·-
1030 1154 1183 1254 ingenio
1210 1170 1385 1256 poteram
1414 1153 1564 1255 superae
1588 1151 1748 1228 volitare
1777 1177 1985 1252 perarma,

383 1295 448 1346 me
470 1271 537 1344 nili
560 1289 763 1371 paupertas
789 1273 918 1347 invida
944 1272 1249 1372 deprimeret-
1271 1272 1447 1370 lugduni
1470 1271 1571 1370 apud
1593 1271 1819 1368 Franczscum
1846 1267 1986 1364 Iusmm.

149 1395 151 1404 '
214 1450 223 1473 .
382 1388 436 1460 M.
453 1389 501 1461 D.
522 1388 710 1462 XXXVI.
728 1389 859 1463 -sol
880 1389 963 1464 eod.
986 1391 1021 1464 b.
1042 1389 1390 1488 Hendecasyllabon
1409 1389 1454 1464 ad
1475 1391 1658 1463 lectorem
1678 1429 1728 1448 ·-·
1748 1387 1809 1461 sol.
1828 1385 1985 1458 &loon

383 1503 859 1606 Boamz'Auban1·epitt.ad
875 1507 1214 1610 SrgtimundGrpm.
1233 1545 1277 1564 -·
1290 1505 1353 1579 sol.
1371 1505 1454 1579 303.
1473 1507 1536 1579 lin.
1548 1508 1606 1579 25.
1627 1506 1712 1580 sinit
1730 1529 1818 1578 cum
1834 1501 1986 1600 epistola

382 1621 560 1697 Andreae
579 1617 834 1726 Paleosphyra
853 1624 900 1700 ad
917 1627 1101 1702 lectorem
1119 1665 1166 1686 -
1186 1624 1273 1700 dein
1289 1623 1405 1699 index
1428 1639 1466 1698 et
1481 1623 1620 1721 instgne
1647 1620 1878 1723 typographi
1896 1644 1983 1693 curn

385 1738 627 1840 inscriptione
641 1739 754 1841 supra
767 1742 941 1823 adducta.
960 1744 1071 1820 Char.
1091 1742 1220 1844 grand.
1240 1744 1331 1842 eleg.
1354 1741 1430 1816 soll.
1447 1739 1533 1840 fign.
1552 1740 1633 1814 303.
1651 1741 1690 1814 in
1705 1755 1787 1814 toto
1806 1739 1887 1810 315.
1900 1737 1934 1808 8.

567 1913 702 1996 ⁴Panaeti
720 1913 815 1982 annal,
835 1929 952 1990 typogr.
972 1915 1007 1971 Τ.
1026 1933 1056 1988 7.
1074 1933 1103 1990 p.
1122 1915 1186 1986 37⁰·
1207 1913 1245 1980 N.
1261 1909 1327 1990 854.

803 2196 805 2200 ’
932 2133 1239 2326 ‘SineNota
1269 2179 1413 2274 Anni.

479 2387 559 2483 746.
585 2427 636 2448 -
660 2390 796 2466 Novum
827 2391 1085 2490 Testamentum
1102 2418 1235 2494 graece
1256 2409 1294 2468 et
1315 2392 1431 2470 latine
1450 2431 1497 2452 -
1515 2391 1562 2466 de
1578 2385 1730 2485 Erasmo
1743 2387 1982 2461 Rotarodamo

377 2503 591 2607 interprete
605 2543 650 2563 -
668 2532 757 2586 cum
771 2509 1002 2598 summariis,
1025 2510 1306 2588 concordantiie
1325 2525 1364 2586 et
1380 2506 1696 2609 explicationibus
1718 2501 1980 2579 difficiliorurn

377 2621 670 2710 vocabulorum.
697 2638 735 2699 et
757 2625 838 2702 aliie
858 2626 898 2702 in
919 2627 991 2723 hac
1008 2629 1175 2706 editione
1188 2627 1392 2730 praestitit,
1418 2625 1475 2700 uti
1502 2651 1549 2699 ex
1577 2621 1747 2724 sequenti
1771 2621 1923 2724 epistola
1939 2638 1978 2696 et

375 2735 488 2840 ipsius
511 2739 638 2838 operia
658 2739 901 2842 impressione
926 2759 1093 2846 apparet.
1111 2785 1158 2802 -
1177 2746 1433 2846 Argentorati,
1460 2742 1593 2818 excud.
1624 2739 1840 2838 Theodosias
1867 2739 1982 2816 Ride-

373 2855 457 2929 hies.
474 2895 525 2914 -
547 2856 651 2931 Haec
676 2856 715 2930 in
739 2856 866 2933 fronte
886 2859 1003 2934 limbo
1022 2860 1215 2962 variisque
1238 2862 1367 2962 figuris
1388 2859 1507 2934 incifis
1531 2871 1666 2937 ornato
1685 2899 1735 2916 -
1754 2856 1818 2932 fot
1840 2885 1874 2932 2.
1898 2883 1978 2932 non

376 2971 462 3070 fign.
483 2971 635 3074 epistola
652 2988 803 3074 typogr.
819 2975 865 3050 ad
884 2977 1067 3055 lectorem
1082 2999 1137 3038 '‘—
1148 2978 1212 3054 sol.
1232 3005 1265 3054 2.
1285 2979 1320 3052 b.
1336 2977 1482 3054 summa
1496 2975 1615 3052 totius
1631 2974 1754 3049 sacrae
1770 2973 1978 3075 scripturae

377 3114 466 3164 cum
481 3089 560 3164 vita
586 3091 620 3163 S.
647 3091 834 3167 Matthaei
848 3099 919 3196 p'er
940 3094 1029 3171 Div.
1054 3097 1312 3197 lheroaymam
1333 3094 1582 3196 descripta-
1604 3091 1668 3166 sol.
1688 3089 1773 3182 366«.
1789 3115 1868 3166 non
1887 3089 1974 3188 fign.

375 3204 441 3280 lin.
466 3211 500 3296 4.
525 3205 612 3282 finio
628 3247 675 3266 -
696 3209 809 3287 Char.
825 3211 887 3288 lat.
915 3227 954 3287 et
972 3238 1128 3314 graecus
1146 3213 1319 3290 minutiis.
1341 3210 1440 3312 gloss.
1459 3237 1576 3309 marg.
1599 3209 1662 3284 fol.
1682 3231 1762 3282 non
1781 3207 1868 3306 sign.
1892 3206 1975 3282 368.

373 3321 438 3400 lin.
449 3330 507 3426 49.
528 3323 564 3412 8,
620 3365 631 3382 ·

562 3492 930 3568 cinnomannorum
950 3497 986 3556 Τ.
1006 3517 1029 3556 ι.
1050 3495 1113 3556 rol.
1136 3515 1159 3552 r.
1177 3516 1208 3572 p.
1230 3515 1273 3554 u.
1295 3495 1323 3552 b.
1417 3529 1434 3549 r·
1542 3533 1545 3542 ·

468 3687 550 3778 747.
577 3722 624 3740 -
653 3679 778 3758 Oratio
793 3679 942 3778 Iasonis
964 3682 1181 3786 nitidissima
1197 3685 1237 3762 in
1254 3681 1521 3762 sanctissimum
1535 3682 1825 3762 matrimonium
1844 3682 1975 3760 felicis-

372 3797 557 3901 fimaaque
572 3797 724 3900 nuptiae
739 3798 1103 3902 Maai‘nrilianiregia
1117 3817 1155 3878 et
1172 3803 1492 3906 BlaacaeManbe
1507 3803 1659 3903 reginae
1675 3825 1975 3876 romanorum-

371 3911 581 3992 earundem
601 3915 803 3996 tantarum
824 3915 1048 4024 nuptiarum
1074 3919 1348 4028 epithalamion
1365 3918 1716 4022 Sebastianiflrant.
1734 3960 1785 3976 -
1808 3918 1975 3994 Haecin

368 4029 497 4108 stante
515 4071 565 4090 -
580 4031 643 4111 fol.
667 4061 696 4106 r.
717 4031 752 4112 b.
770 4032 923 4137 epistola
943 4035 1105 4142 Canmdz'
1117 4037 1291 4136 llb’gns-ad
1307 4037 1526 4138 Hippolt'tum
1546 4035 1756 4133 Celqstzizum
1772 4033 1908 4133 scripta
1926 4059 1972 4106 ex

373 4147 595 4254 Camptdana
615 4149 670 4230 15.
679 4149 765 4229 ltat
774 4149 866 4260 May⁷
886 4158 989 4258 1494.
1008 4151 1117 4231 sola.
1134 4155 1283 4258 Jasoar's
1300 4153 1427 4258 magni
1444 4152 1716 4256 epithalamion
1735 4149 1972 4226 oratiofinit.

368 4265 433 4341 sol.
456 4293 510 4341 12.
525 4283 653 4343 actum
674 4262 842 4369 Iaspmclr
860 4265 920 4342 die
940 4267 1048 4345 XVI.
1063 4271 1310 4344 Marcri‘anno
1330 4271 1481 4346 anatali
1503 4277 1607 4368 1494.
1628 4309 1678 4374 '‘'.
1699 4267 1763 4344 sol.
1786 4291 1840 4340 ra.
1859 4266 1896 4340 b.
1915 4265 1971 4340 in-

368 4383 462 4483 cipit
477 4383 749 4484 epithalamion
766 4380 974 4480 Sebastzimi
985 4386 1106 4460 Bran!
1119 4385 1165 4461 ad
1183 4387 1299 4460 finem
1315 4386 1392 4460 soll.
1415 4395 1467 4476 ¹4·
1486 4386 1549 4460 lin.
1570 4387 1624 4460 18.
1645 4382 1817 4479 Bastleae
1833 4382 1971 4456 Kalen-

369 4497 428 4573 dia
445 4499 723 4576 Decembribus
743 4499 848 4600 1493.
877 4500 965 4576 dein
989 4501 1172 4577 distichon
1191 4503 1269 4576 Jac.
1295 4499 1568 4604 Vymphelcitgii'
1581 4499 1769 4600 Slestatain'
1792 4499 1832 4573 in
1849 4499 1967 4573 Blan-

371 4607 478 4700 cdam
492 4617 766 4705 Manamrom.
787 4617 994 4720 Reginam:
1620 4702 1623 4711 ,

561 4753 663 4834 Dira
677 4757 800 4836 Marta
823 4758 960 4859 polan
973 4773 1149 4836 materno
1164 4759 1251 4857 jure
1263 4755 1450 4857 gubernat
1478 4814 1482 4827 .
1522 4780 1526 4792 ·
1623 4811 1626 4822 .
1699 4763 1702 4770 '

654 4888 702 4952 tu
717 4899 807 4954 aum
821 4891 910 4976 tage
926 4875 1014 4979 1²³⁰:
1020 4875 1192 4954 alma«
1207 4873 1482 4961 Maniosolum,
1578 4922 1585 4932 -
1618 4915 1635 4950 .·
