4676 5858
483 801 493 814 .
638 765 763 826 rnmu
788 765 961 826 sancum
987 735 1312 826 rrroo'ncrnrcr.
1337 769 1383 825 u.
1406 770 1454 826 n:
1476 771 1502 828 1.
1529 795 1578 813 -
1602 773 1658 830 xr.
1894 765 1941 853 47

342 945 478 1046 sponsa
502 958 634 1018 eterna
661 943 841 1042 sapientia
866 943 1025 1018 mirifice
1050 943 1335 1045 suavislimeque
1360 946 1671 1045 interpretantur.
1697 987 1742 1005 -
1773 949 1944 1026 Haecin

337 1063 464 1138 fronte
483 1087 571 1136 eum
587 1062 698 1159 imag.
715 1062 756 1134 B.
774 1063 822 1134 V.
834 1076 873 1136 et
889 1059 1148 1160 inscriptione:
1168 1089 1237 1137 ave
1254 1061 1475 1138 sanctissima
1488 1063 1613 1137 Μανία
1629 1081 1751 1138 mater
1768 1065 1840 1140 dei.
1852 1094 1944 1165 por-

339 1197 378 1254 ta
396 1177 573 1280 paradifi:
591 1177 724 1276 regina
741 1178 858 1252 coeli:
876 1222 924 1236 -
939 1177 1051 1254 litter.
1069 1179 1210 1278 partim
1228 1179 1355 1254 rubria
1374 1180 1517 1280 partim
1534 1180 1652 1280 nigris
1671 1223 1724 1240 -·
1740 1180 1779 1254 in
1796 1183 1870 1257 fine
1880 1181 1943 1258 sol.

341 1323 419 1370 120.
438 1296 502 1370 lin.
519 1321 578 1370 22.
595 1294 751 1394 explicit
769 1295 1013 1394 horologium
1031 1296 1372 1398 eternesapientie.
1394 1299 1543 1372 colonie
1558 1299 1660 1398 apud
1680 1298 1937 1398 predicatores
2080 1355 2081 1360 ,

338 1410 559 1514 impressum
574 1427 689 1512 atque
710 1410 910 1510 diligenter
926 1429 1153 1490 correctum
1180 1415 1294 1488 Anno
1311 1415 1463 1494 domini
1474 1416 1526 1490 M.
1546 1416 1723 1489 CCCCC.
1744 1416 1810 1490 IX.
1826 1441 1943 1492 ‘men-

339 1529 383 1719 ἵε
400 1528 637 1720 δὲρῑειῐὼτίε
664 1529 743 1629 ipso
770 1529 833 1604 die
858 1530 1060 1605 Marcaelli.
1089 1531 1202 1617 Char,
1234 1531 1337 1630 goth.
1363 1532 1517 1608 minusc.
1541 1533 1730 1608 soll..120.
1753 1534 1941 1634 nonlign.

359 1645 406 1719 'n.
451 1671 484 1720 2.
499 1646 532 1720 8.

528 1815 656 1872 Pcnzen'
673 1815 769 1877 annal.
785 1831 905 1892 typogr,
923 1816 959 1872 r:
977 1817 1005 1874 6.
1025 1813 1135 1892 poce.
1160 1817 1197 1882 N.
1215 1805 1275 1890 2872

795 2057 798 2062 ⁵
906 2158 910 2164 ¹
1035 2073 1236 2160 M,D.X.

439 2285 575 2380 705-
594 2283 746 2358 Lectum
765 2310 880 2360 aurea
899 2284 1046 2359 domini
1066 2285 1226 2360 Abbatis
1248 2285 1417 2386 antiqui,
1438 2285 1551 2385 super
1572 2285 1742 2386 quinque
1760 2283 1866 2360 libris
1879 2281 1942 2366 de·

341 2400 545 2476 cretalium
560 2427 648 2476 cum
665 2401 820 2476 disticho
838 2401 884 2478 ad
902 2403 1104 2478 lectorem:
1358 2415 1361 2422 '

539 2517 703 2593 Pulvere
722 2545 842 2619 quem
857 2520 954 2595 texit
969 2519 1184 2616 priscorum
1200 2519 1239 2591 in
1255 2517 1376 2616 gloria
1390 2533 1569 2620 torpens,

459 2711 462 2718 ,
635 2635 765 2708 Abbaa
779 2635 876 2708 sum:
897 2635 1038 2708 Schotti
1047 2633 1191 2734 pressus
1207 2621 1355 2709 aranos
1375 2636 1460 2712 levi.

342 2779 429 2827 cum
447 2748 648 2848 privilegio
660 2767 698 2823 et
715 2751 841 2850 aquila
856 2750 1042 2848 imperiali
1066 2752 1167 2824 1511.
1180 2793 1223 2812 -
1239 2753 1398 2828 Haecin
1414 2753 1540 2828 fronte
1560 2753 1678 2828 limbo
1701 2752 1817 2827 inciso
1830 2753 1941 2846 deeo-

341 2882 432 2943 rata.
449 2867 513 2938 sol
535 2865 617 2939 eod.
634 2865 669 2939 b.
687 2865 841 2966 epistola
858 2867 1181 2965 GeorgiiMaaec‘lli
1194 2871 1300 2970 (alias
1322 2871 1481 2969 Vbelin)
1502 2872 1548 2946 ad
1565 2873 1676 2946 Joan.
1695 2870 1820 2969 figrist.
1838 2869 1902 2944 sol.
1920 2899 1949 2943 r.

343 2987 430 3085 sign.
459 2985 603 3057 lectura
623 2981 766 3083 incipit.
789 3025 839 3041 -
855 2984 940 3058 finit
956 2985 1020 3060 sol.
1039 2989 1122 3060 225.
1149 2986 1213 3062 lin.
1239 2987 1298 3062 23.
1316 2987 1399 3062 usui
1418 2988 1605 3062 litterario
1622 2987 1697 3086 juri
1719 2986 1947 3072 vacantium,

347 3101 524 3201 impensis
544 3099 578 3173 J.
596 3102 645 3175 V.
661 3100 844 3176 Doctoris
865 3102 1205 3200 Geooeci'Mcxr‘lli:
1237 3103 1341 3176 curie
1360 3102 1581 3202 episcopalis
1601 3103 1867 3201 Argentinens.
1890 3103 1950 3176 Si·

342 3219 528 3322 gnatoris:
549 3217 714 3293 loannes
728 3217 892 3308 Schottus
909 3217 1038 3319 prellit
1053 3244 1152 3294 anno
1170 3216 1324 3316 gratiae.
1350 3219 1403 3291 M.
1429 3219 1477 3292 D.
1501 3217 1554 3292 X.
1575 3216 1684 3290 nonis
1694 3219 1881 3296 Novemb.
1901 3263 1948 3279 -

343 3337 604 3412 Maxumum·
620 3334 786 3410 Caesarie
805 3335 1116 3436 semper-augusti
1140 3334 1342 3436 privilegio
1368 3335 1561 3408 munitum
1581 3359 1689 3432 opus.
1710 3333 1947 3436 -sequitur

351 3453 545 3528 annotatio
561 3453 763 3527 titulorum
789 3452 851 3527 fol.
876 3455 960 3529 226.
985 3453 1047 3527 lin.
1065 3453 1123 3526 36.
1142 3452 1285 3550 registri
1306 3451 1475 3554 quinque
1499 3449 1562 3525 lib.
1584 3443 1832 3526 decretalium
1850 3449 1945 3524 finis.

348 3571 460 3646 Char.
483 3570 586 3668 goth.
604 3569 681 3643 soll.
700 3575 780 3660 224.
800 3569 886 3676 sign.
903 3571 945 3646 in
959 3586 1042 3644 toto
1062 3597 1145 3667 227.
1162 3569 1225 3644 lin.
1245 3571 1302 3644 55.
1322 3567 1344 3642 s.

538 3737 665 3794 Panzerc'
684 3737 780 3792 annal.
801 3755 915 3812 typogr.
937 3741 971 3794 T.
988 3736 1014 3795 6.
1034 3758 1062 3814 p.
1078 3749 1124 3814 49.
1138 3717 1186 3794 ⁴N.
1205 3757 1266 3814 ²9¹·

1027 3985 1089 4070 'M
1115 3994 1163 4069 D.
1191 3993 1258 4068 XI.

444 4231 526 4304 707.
545 4243 593 4260 -
608 4203 915 4280 Tetrachordum
928 4201 1088 4278 Muficee
1102 4203 1260 4278 loannis
1288 4203 1412 4277 Coclei
1428 4200 1562 4277 Norici.
1598 4202 1738 4278 artium
1763 4200 1947 4302 Magistri:

345 4323 555 4422 Numbcrge
571 4345 695 4422 nuper
719 4335 959 4396 contextum:
980 4346 1052 4421 pro
1067 4319 1277 4420 juventutis
1295 4319 1551 4396 Laurentiane
1581 4319 1797 4395 eruditione
1813 4318 1946 4417 impri-

187 4504 191 4518 .
347 4443 436 4517 mis:
457 4440 548 4517 dein
566 4440 613 4515 ad
633 4456 849 4514 ceterorum
866 4437 905 4512 in
925 4437 1073 4514 musicis
1089 4439 1404 4540 Tyrunculorum
1420 4437 1666 4513 salubriorem
1692 4434 1946 4536 planioremq.

332 4557 626 4660 eruditionem,
642 4582 744 4632 nune
756 4554 950 4656 primasui
965 4556 1173 4634 editionem
1190 4556 1294 4658 typis
1310 4555 1650 4654 calcographorum
1677 4568 1874 4632 exaratum
1902 4552 1948 4627 de

349 4675 497 4776 auspice
507 4675 546 4748 in
562 4675 686 4750 lucem
704 4673 843 4774 prodit.
864 4717 914 4734 -
924 4673 1110 4750 Bilibaldi
1125 4674 1374 4750 Bircldrcciner
1390 4673 1436 4750 ad
1452 4670 1629 4748 coclitem
1645 4669 1889 4770 epigramma.
1901 4711 1951 4730 ·-

352 4791 445 4866 item
463 4817 616 4868 carmen
630 4791 839 4866 Clrelidom'i
847 4773 1050 4898 Mu'sophili
1058 4792 1106 4868 ad
1124 4794 1309 4870 lectorem
1328 4815 1417 4866 cum
1436 4788 1666 4888 expositione
1688 4802 1854 4889 quatuor
1871 4803 1948 4864 tran¹
2104 4803 2106 4806 ’

350 4923 495 5030 etatum
513 4909 625 4988 huius
641 4909 904 5034 Tetrachordi
929 4911 1035 4988 Haec
1052 4909 1182 4988 omnia
1196 4909 1237 4986 in
1256 4907 1383 4984 fronte
1404 4947 1447 4970 -
1465 4907 1530 4986 sol.
1541 4907 1631 5000 eod.
1648 4906 1787 5010 epistol.
1803 4904 1956 4984 cochlei
