4676 5858
721 747 845 808 raam
870 745 1043 808 sarcina
1068 745 1393 806 mocnarmcr.
1421 747 1607 806 nnxxm.
1680 749 1683 756 ⁴
1909 728 1958 806 53

348 929 591 1031 inscriptione
607 927 691 1004 Ave
709 927 834 1002 Maria
851 879 908 986 -f
918 942 957 1002 et
973 925 1012 1000 in
1027 923 1341 1000 circumferentia.
1367 925 1573 998 lsrircentzirr
1587 924 1633 997 de
1650 923 1879 998 Bortoaarriir
1904 923 1952 998 da

349 1051 498 1122 Fn'dino
521 1046 567 1120 de
583 1046 707 1120 Monte
709 1042 857 1142 scarrato
878 1088 921 1102 -
941 1042 1040 1118 infra
1068 1042 1204 1118 litteris
1223 1044 1350 1118 rubris
1375 1042 1600 1142 cumgratia
1620 1058 1658 1116 et
1675 1043 1888 1142 privilegio.
1909 1079 1956 1100 ·-

348 1137 514 1242 Haecin
532 1164 722 1240 fronte-
744 1162 828 1238 linit
849 1162 910 1237 fol.
933 1163 991 1252 46.
1019 1161 1082 1236 lin.
1102 1167 1160 1251 44.
1179 1200 1227 1218 -·
1242 1161 1417 1260 Lugduni
1434 1158 1655 1262 im'prellum
1682 1187 1752 1260 per
1772 1160 1954 1233 Joannem

254 1319 258 1330 ·
351 1281 398 1357 de
423 1281 593 1382 Combrey
609 1306 708 1354 anno
725 1283 747 1353 a
763 1279 923 1378 virginis
949 1294 1064 1380 partu
1086 1279 1187 1353 1522.
1206 1283 1244 1377 †.
1265 1278 1336 1352 deo
1352 1280 1499 1378 gratias.
1522 1278 1632 1354 Char.
1656 1278 1759 1376 goth.
1776 1273 1950 1350 minutill.

352 1400 421 1473 litt.
439 1397 556 1497 marg.
577 1395 725 1471 incisae.
743 1395 842 1496 gloll.
858 1422 975 1496 marg.
995 1397 1057 1470 tol.
1076 1394 1160 1494 sign.
1178 1397 1238 1486 46.
1259 1396 1298 1470 in
1314 1413 1399 1472 toto
1418 1399 1474 1471 50.
1498 1396 1561 1470 lin.
1585 1397 1642 1469 55.
1661 1402 1693 1484 4.

541 1567 670 1622 Ponzerr'
680 1565 786 1621 Annal.
811 1580 926 1641 typogr.
950 1566 986 1630 Τ,
1006 1581 1034 1640 9.
1052 1584 1081 1638 p.
1101 1565 1168 1640 319.
1184 1563 1222 1624 N.
1240 1564 1306 1641 465.
1329 1566 1358 1630 h.
1380 1565 1455 1622 liber
1473 1565 1564 1622 rarill.
1582 1585 1611 1622 r·
1631 1561 1708 1622 Bibl.
1732 1566 1830 1641 regiae
1857 1563 1955 1620 societ.
1992 1547 1996 1562 ⁶

641 1657 842 1714 Londiuenlir.
1291 1674 1294 1684 ⁴

384 1907 387 1914 ,
447 1867 527 1941 720:
552 1885 601 1900 ·-
626 1841 756 1916 Biblia
774 1867 862 1918 cum
886 1839 1182 1918 summariorum
1207 1858 1393 1942 apparatu
1414 1844 1530 1942 pleno
1555 1839 1873 1942 quadruplicique
1894 1869 1953 1914 re·
2081 1903 2089 1917 .

341 1961 521 2062 pertorio
541 1959 728 2058 infignita:
745 1958 805 2034 cui
821 1960 922 2034 ultra
937 1959 1216 2058 castigationem
1232 1957 1549 2057 diligentillimam
1573 1974 1612 2032 et
1625 1957 1810 2056 lignanter
1829 1957 1869 2030 in
1885 1983 1952 2030 vo·

245 2181 246 2184 Ἴ
348 2077 540 2152 cabulario
560 2076 774 2152 dictionum
791 2076 1078 2152 hebraicarum:
1094 2075 1160 2150 ubi
1180 2101 1252 2174 pro
1272 2075 1408 2172 majori
1426 2075 1481 2150 lui
1501 2091 1610 2174 parte
1628 2091 1710 2150 erat
1727 2071 1905 2148 mendosa
1917 2090 1986 2148 et,
2109 2086 2119 2182 ζ

348 2193 499 2274 vitiosa:
516 2193 665 2292 additae
679 2190 765 2267 lunt
782 2191 1007 2292 marginales
1024 2189 1422 2297 additionesannales,
1439 2190 1613 2291 etgentis
1629 2189 1809 2294 cujusque
1826 2187 1954 2264 secun-

350 2311 443 2386 dum
458 2337 502 2384 ea
516 2326 692 2411 tempora
708 2309 879 2384 historias
898 2325 1094 2397 notantes,
1115 2301 1306 2402 canotlum
1326 2335 1482 2410 quoque
1501 2307 1548 2381 ad
1566 2305 1708 2380 lacram
1724 2304 1951 2406 scripturam

348 2427 620 2505 concordantia
643 2453 737 2529 quas
763 2449 876 2504 cruce
899 2425 1177 2506 adnotavimus.
1197 2467 1247 2488 -·
1268 2424 1370 2501 Lilia
1396 2424 1527 2502 Gallic.
1551 2423 1653 2500 infra
1673 2423 1889 2500 hexasticon
1912 2423 1952 2496 in

350 2543 842 2621 libri'commendationem.
856 2587 908 2606 -
922 2545 1028 2620 Haec
1046 2543 1087 2618 in
1103 2542 1230 2618 fronte
1245 2541 1382 2622 litteris
1399 2540 1479 2618 init.
1496 2541 1634 2620 rubris.
1649 2583 1698 2604 --
1721 2541 1786 2618 lol.
1811 2541 1896 2618 eon
1912 2541 1948 2616 b.

347 2662 565 2740 exhortatio
590 2662 637 2738 ed
660 2661 877 2738 divinarum
899 2659 1115 2738 litterarum
1135 2675 1350 2748 amatores,
1376 2686 1466 2738 cum
1488 2659 1732 2744 instructione
1756 2657 1951 2781 imprello·

348 2779 546 2858 ris—fol..
555 2785 639 2867 400.
655 2780 690 2852 b.
707 2779 771 2852 lin.
781 2781 840 2854 26.
855 2776 1016 2878 explicit
1029 2776 1145 2856 biblia
1160 2776 1443 2880 diligentissime
1458 2777 1668 2864 emendata.
1687 2801 1777 2854 cum
1792 2797 1953 2857 concor-

348 2895 486 2972 dantiis
502 2920 581 2969 non
603 2894 727 2971 solum
749 2895 920 2972 eiusdem
941 2895 1081 2972 scilicet
1098 2896 1194 2994 juris
1217 2897 1390 2974 canonici
1412 2895 1626 2975 luminariis
1650 2895 1825 2970 omnium
1853 2893 1954 2994 eapi-

348 3031 432 3090 tum
449 3011 692 3090 dinifionibus
709 3030 875 3115 quatuor
891 3013 1115 3113 repertoriis
1126 3015 1347 3114 praepolitis
1365 3015 1595 3112 numerique
1609 3011 1792 3088 loliorum
1808 3010 1953 3090 distinc-

348 3133 473 3217 tione,
497 3155 682 3206 unacum
704 3130 973 3232 compendiolo
993 3130 1112 3209 totius
1131 3130 1275 3208 Bibliae
1297 3157 1368 3230 per
1383 3131 1559 3228 rythmos
1583 3127 1771 3228 descripto
1788 3155 1953 3230 cumque

348 3275 440 3324 vera
453 3248 657 3324 nominum
671 3246 943 3322 hebraicorum
965 3247 1280 3348 interpretatione
1295 3248 1343 3324 'de
1365 3271 1469 3321 novo
1490 3243 1792 3320 emendatorum.
1808 3247 1953 3344 Lugdu·

348 3366 443 3440 nr‘in
459 3363 616 3440 officina
630 3363 765 3438 Jacobs·
777 3365 913 3438 Saccon
928 3390 1028 3438 anno
1045 3362 1191 3438 domini
1214 3365 1317 3438 1522.
1338 3361 1485 3437 decima
1500 3343 1665 3460 Au‘gusti.
1690 3360 1874 3464 Sequitur
1886 3387 1949 3436 re·
1973 3419 1978 3437 .

350 3477 504 3582 gillrum
519 3497 558 3586 et
574 3480 908 3583 interpretationes
925 3482 1129 3556 nominum
1146 3479 1416 3556 hebraicorum
1428 3523 1472 3536 -
1488 3477 1554 3554 fol.
1570 3478 1653 3566 454.
1668 3501 1747 3549 non
1763 3474 1849 3573 fign.
1867 3476 1950 3548 effi·
2070 3553 2071 3565 p

330 3577 430 3697 *gies
446 3599 481 3671 S.
500 3597 777 3699 Hieronymt'-
799 3598 912 3672 Char.
931 3599 1035 3697 goth.
1056 3597 1237 3676 minutiis.
1263 3599 1412 3676 litterae
1436 3595 1518 3672 init.
1543 3592 1696 3697 incisae
1714 3591 1814 3692 gloff.
1830 3617 1948 3694 marg.

351 3713 430 3790 loll.
445 3713 533 3812 lign.
551 3720 633 3804 400.
651 3714 692 3787 in
710 3730 792 3789 toto
807 3717 892 3804 484.
909 3716 972 3789 lin.
989 3718 1046 3812 57.
1064 3723 1098 3806 4.

543 3882 671 3939 Ponzerr'
686 3882 781 3946 send.
799 3895 918 3958 typogr.
936 3884 972 3943 Τ.
983 3905 1011 3958 7.
1026 3903 1057 3960 p.
1067 3885 1130 3941 532.
1150 3883 1187 3942 Ν.
1198 3883 1260 3957 461.

997 4142 1050 4215 M.
1076 4141 1123 4216 D.
1150 4141 1296 4219 XXlll.

317 4373 323 4384 ’
452 4381 532 4452 72¹·
558 4391 605 4410 -
636 4351 779 4427 Ulrzishz‘
798 4353 843 4427 ab
860 4353 993 4425 Hutten
1016 4379 1103 4427 cum
1126 4355 1282 4427 Erasmo
1300 4351 1555 4439 noterodamo,
1574 4351 1820 4453 presbytero,
1840 4353 1950 4426 theo-

352 4475 440 4570 logo
468 4461 714 4570 expostulatio
733 4499 756 4546 a
780 4471 909 4572 priore
926 4469 1405 4571 depravatione'vindicata
1418 4469 1494 4544 iam
1511 4509 1557 4526 -
1576 4467 1730 4544 Othonis
1748 4466 1957 4564 anselsti'

350 4614 423 4688 pro
445 4587 756 4663 Uln‘clroHucteno
773 4588 852 4663 vita
867 4587 1065 4673 defunct0,
1090 4587 1138 4662 ad
1160 4585 1313 4662 Erasmi
1332 4587 1498 4661 Boterod.
1523 4585 1719 4686 spongiam
1740 4583 1949 4686 responflo‚

352 4705 397 4779 als
415 4721 547 4779 autore
563 4705 688 4779 denuo
706 4705 911 4805 recognita.
923 4749 971 4764 -
982 4703 1086 4779 Hai'ec
1105 4704 1145 4779 in
1163 4706 1290 4780 fronte
1307 4704 1371 4778 fol.
1386 4729 1418 4782 2.
1438 4703 1591 4804 epistola
1606 4703 1761 4777 Hutteni
1772 4703 1818 4780 ad
1834 4703 1948 4778 Eras-

351 4849 445 4894 mum
466 4861 509 4880 -
529 4817 613 4896 linit
633 4823 878 4922 expostulatio
896 4821 1112 4897 f01.35.tin.
1136 4823 1189 4896 18.
1213 4823 1342 4924 locum
1359 4821 1460 4924 apud
1479 4837 1517 4898 te
1542 4821 1701 4910 habent,
1722 4821 1803 4898 vale
1822 4821 1950 4922 sequi-

348 4953 414 5015 tur
442 4938 506 5014 fot.
523 4938 582 5016 35.
608 4939 643 5014 b.
670 4937 1008 5043 ansselsri'epist.
1027 4939 1075 5018 acl
1098 4941 1291 5013 Erasmum
1312 4937 1377 5015 lol.
1393 4939 1426 5014 3.
1448 4937 1636 5042 responlio
1662 4934 1949 5037 Brunsselsr'ied
