4676 5858
786 776 910 835 entur
936 775 1109 834 saecun
1134 776 1458 834 rrrocnaefflcr.
1880 767 1928 854 65

314 927 446 1036 ficher.
470 981 568 1030 rom.
590 953 731 1054 splene.
757 979 845 1028 cum
865 953 951 1052 agn.
979 953 1060 1028 ron.
1083 927 1241 1047 14.5no'n
1264 951 1351 1052 agn.
1372 952 1435 1026 liu.
1461 953 1518 1026 28.
1545 951 1618 1029 ane
1637 955 1777 1034 indicio
1799 961 1871 1035 loe
1893 941 1932 1034 ‘et

329 1101 416 1150 anm
431 1083 467 1165 4.
519 1171 649 1227 Penzerr'
663 1169 760 1227 annal.
779 1185 897 1246 typogr.
929 1170 965 1226 Τ.
984 1177 1013 1242 4.
1032 1188 1060 1243 p.
1081 1168 1142 1224 160.
1163 1168 1202 1229 N.
1217 1169 1282 1244 793.
1297 1167 1413 1234 locum,
1433 1167 1512 1240 quod
1527 1171 1650 1240 attinet,
1672 1191 1708 1228 cx
1722 1173 1885 1237 charactere
1901 1199 1930 1239 et

615 1260 714 1318 charta
732 1261 831 1317 iudico
849 1261 901 1318 hae
920 1260 1066 1316 orationes
1078 1261 1192 1316 Romae
1209 1279 1245 1314 cx
1261 1261 1381 1316 officina
1398 1261 1537 1334 Stephani
1546 1263 1658 1319 Blande
1673 1267 1816 1341 prodiille.

811 1431 913 1524 Sine
943 1427 1065 1522 Note
1094 1429 1207 1522 Loci
1236 1451 1280 1523 et
1309 1430 1440 1522 Anni.
1499 1519 1502 1530 ,

423 1589 504 1686 748.
530 1627 578 1648 -
602 1588 856 1690 Epr'tlralamz'a
884 1587 1043 1660 Martini
1056 1586 1212 1660 liutheri
1231 1587 1551 1685 Vur'ttenbergensis
1571 1635 1621 1652 -·
1655 1595 1807 1674 loannis
1821 1603 1934 1698 Hessi

329 1700 618 1802 Vratislaaicnsis
633 1745 681 1764 -
702 1703 844 1778 Urbani
857 1702 1033 1802 liegiiac
1058 1703 1097 1776 id
1123 1727 1241 1802 genus
1260 1703 1536 1802 nuptiatorum.
1554 1751 1600 1772 -
1618 1714 1796 1814 Hymnus
1814 1720 1927 1798 Para-

322 1823 587 1924 nympharum

554 1963 609 2035 lo.
698 1958 758 2046 io.
857 1958 906 2032 io.
1006 1957 1045 2031 io
1074 1985 1080 1992 ·
1206 1959 1338 2032 Noster
1353 1976 1461 2057 pater
1476 1962 1539 2036 hic
1552 1966 1733 2043 lutherus

562 2077 805 2152 Gaudeamus
825 2101 912 2149 cum
927 2072 1047 2148 iubilo
1138 2141 1142 2149 .
1204 2074 1358 2149 Nollrae
1377 2077 1467 2176 legis
1492 2080 1569 2153 dux
1588 2082 1768 2160 Sincerus

659 2191 1032 2268 DulcesLutheriaci
1300 2193 1469 2291 Nuptam
1486 2195 1592 2271 ducit
1610 2199 1725 2276 hodie

753 2311 853 2386 Cum
873 2309 1005 2388 iubilo.
1397 2311 1497 2386 Cum
1515 2313 1645 2392 iubilo.

321 2451 426 2528 Haec
444 2449 484 2530 in
506 2450 633 2525 fronte
658 2449 682 2522 f.
700 2451 733 2536 3.
756 2433 900 2525 additio
918 2445 1201 2522 Dithirambica
1214 2445 1262 2521 ad
1283 2447 1570 2546 epithalamium
1587 2455 1926 2538 Mantala-12.

320 2569 383 2644 tol.
403 2571 437 2644 6.
454 2567 725 2670 epithalamion
745 2566 849 2639 loan.
868 2564 980 2660 Hessi
990 2562 1159 2662 pronubi
1184 2565 1412 2637 mercenarii
1438 2567 1788 2670 manumisiſse-7
1805 2581 1868 2656 sol,
1889 2587 1922 2659 8,

318 2687 384 2764 lin.
403 2713 461 2763 ar.
482 2685 627 2760 bnie-
641 2684 753 2756 Char.
770 2682 832 2758 lat.
851 2681 929 2754 foll.
951 2681 986 2755 8.
1005 2679 1068 2752 lin.
1084 2685 1142 2768 24.
1159 2679 1223 2754 Ea
1236 2682 1446 2756 collectione
1455 2685 1691 2767 Herbiziana.

507 2819 611 2878 Editio
626 2819 732 2875 borum
752 2815 1008 2892 epithalamiorum
1026 2815 1172 2874 rarissima
1188 2833 1216 2874 ec
1230 2817 1339 2877 arellibi
1354 2823 1499 2880 recenfita.

416 2992 496 3089 749.
520 3025 571 3045 -
594 2987 644 3061 M.
658 2987 694 3060 T.
709 2986 891 3060 Ciceronis
905 2984 1091 3060 librorum
1106 2985 1461 3086 philosophicorum
1469 2993 1650 3070 volumen
1660 2999 1831 3096 primum
1839 3013 1922 3106 post

315 3107 596 3207 Naugerianam
612 3120 651 3178 et
668 3101 932 3178 Victorianam
947 3102 1226 3178 correctionem
1242 3104 1488 3180 emendatum
1501 3134 1525 3181 a
1541 3109 1920 3198 lohanneSturmrb-

314 3225 565 3302 Academicae
585 3220 818 3322 quaestiones
834 3263 882 3282 -
910 3218 1088 3294 editionis
1107 3218 1253 3318 primae
1270 3218 1368 3294 liber
1385 3237 1563 3320 quartus,
1587 3229 1653 3326 qui
1671 3232 1844 3310 Lucullus
1863 3241 1919 3314 in-

314 3342 489 3419 scribitur
503 3379 550 3398 -
568 3327 745 3414 editionii
763 3334 948 3412 fecundae
970 3335 1065 3410 liber
1082 3335 1230 3435 primus
1248 3373 1295 3394 -
1314 3335 1360 3412 de
1377 3337 1516 3412 finibus
1532 3340 1724 3420 bonorum
1748 3365 1786 3425 et
1801 3357 1920 3430 malo-

312 3485 400 3534 rum
415 3501 465 3518 -
480 3453 713 3530 Tusculanae
731 3453 976 3554 quaestiones.
995 3495 1046 3554 '.··
1065 3452 1189 3526 indice
1209 3477 1345 3528 verum
1361 3455 1647 3561 verborumque
1669 3462 1919 3564 infigniorum

313 3576 459 3676 adjecto
476 3599 564 3648 cum
583 3573 701 3672 gratia
720 3586 759 3646 et
774 3569 978 3670 privilegio
989 3569 1037 3645 ad
1051 3567 1473 3674 septennium-Haec
1487 3572 1526 3646 in
1543 3575 1668 3654 fronte
1681 3587 1772 3658 'cum
1783 3584 1918 3686 infigni

313 3708 466 3792 typogr.
486 3688 549 3764 fol.
566 3689 599 3764 3.
626 3715 704 3764 non
722 3687 811 3786 fign.
827 3688 955 3761 Franc.
966 3686 1130 3784 Asulam'
1139 3687 1325 3790 praefatio
1345 3731 1395 3749 -
1416 3689 1480 3764 sol.
1501 3719 1530 3766 1.
1546 3692 1632 3796 [ign.
1650 3697 1786 3799 incipit
1801 3703 1851 3776 M.
1879 3705 1917 3780 T.

317 3807 499 3881 Ciceronis
520 3805 639 3908 Acad.
655 3809 788 3907 quaesi.
809 3803 906 3879 liber
922 3819 1089 3906 quartus.
1104 3847 1155 3865 -
1172 3805 1234 3879 fol.
1252 3807 1335 3881 251.
1356 3807 1390 3882 b.
1410 3833 1466 3884 22.
1485 3807 1571 3884 finit
1590 3815 1727 3889 verbo:
1753 3819 1916 3897 Lccm'o.

243 3959 247 3964 ·
314 3923 458 4000 indices
476 3961 525 3982 —
546 3921 657 3997 Char.
677 3921 738 3997 lat.
765 3921 842 3996 foll.
860 3923 941 3995 251.
969 3920 1053 4020 fign.
1081 3920 1121 3995 in
1143 3937 1226 3996 toto
1249 3923 1332 4021 287.
1357 3951 1479 4026 usque
1506 3927 1553 4001 ad
1580 3929 1718 4006 lineam
1741 3937 1917 4015 ultimam

313 4041 428 4117 nostri
444 4039 669 4140 exemplaris
680 4067 688 4112 :
700 4037 933 4140 Pythagoras
947 4054 1129 4137 regnante
1153 4039 1347 4140 Tarquinii>
1362 4041 1400 4114 in
1417 4041 1916 4136 Italrirmveuit-lin.31.8.

504 4178 585 4254 Opus
600 4175 796 4234 verifimiliter
805 4177 982 4250 Arpentinae
1003 4176 1182 4266 imprellum⁴

411 4322 492 4418 750.
517 4363 565 4394 ¹..
590 4321 656 4394 Ad
673 4322 849 4398 lectorem.
866 4360 915 4389 -2
927 4319 1112 4420 Dialogus
1132 4321 1293 4406 festivus,
1316 4323 1354 4398 in
1379 4349 1457 4425 quo
1477 4329 1696 4406 medicalter
1715 4335 1870 4434 quidam
1892 4367 1933 4414 a2

313 4437 542 4539 pbilolopho
558 4438 605 4514 de
624 4439 724 4514 mala
742 4437 920 4513 medendi
940 4439 1090 4514 ratione
1111 4463 1241 4516 coram
1256 4455 1435 4539 praetore
1452 4447 1677 4544 postulatur,
1697 4453 1916 4554 multiplici-

309 4555 458 4656 busque
473 4556 667 4632 erroribue
686 4554 935 4632 convincitur.
959 4555 1071 4632 Licet
1085 4554 1303 4633 medicarer
1318 4556 1392 4633 lese
1409 4585 1482 4658 pro
1499 4561 1645 4640 viribus
1659 4585 1817 4668 purget,
1842 4571 1911 4649 oh.

300 4674 481 4786 jectaque
507 4689 716 4774 utcumque
738 4673 906 4761 refellat,
927 4672 1178 4790 nihilominus
1201 4674 1278 4774 ipse
1302 4701 1373 4774 per
1400 4675 1623 4757 Praetorem
1649 4707 1695 4758 ex
1720 4683 1908 4789 suffragiis

306 4791 484 4878 ‚omnium
495 4792 667 4878 tribuum
682 4819 770 4868 reue
785 4791 919 4868 martie
929 4792 1218 4892 pronunciatur,
1238 4816 1354 4890 quem
1374 4793 1406 4866 ei
1425 4794 1560 4893 legeris
1575 4824 1655 4874 non
1671 4804 1817 4904 poteris
1827 4832 1908 4883 non

282 4953 292 4973 .=
309 4906 439 4984 favere
452 4909 597 4984 auctori
615 4909 682 5010 qui
697 4911 838 5012 pellem
853 4925 933 4986 tam
949 4909 1095 4988 laevam
1115 4923 1296 5007 tanquam
1306 4910 1557 5008 perniciosam
1574 4943 1596 4992 e
1613 4920 1742 4996 medio
1759 4919 1908 4998 sunule-
2038 4999 2041 5006 ,

364 5045 456 5124 Voll.
481 5047 554 5126 ΙΙΙ.
1601 5059 1618 5130 1
