4676 5858
402 703 451 777 66
645 717 811 774 conrm.
839 717 981 774 caran.
1010 715 1174 774 mnnon.
1200 717 1337 776 namn.
1362 717 1817 781 rntmoanc.rr1²oon.

400 895 529 971 rit-
547 893 636 968 Vale
654 893 776 968 lector
793 909 831 968 et
850 893 922 968 alia
942 912 1111 994 expecta.
1131 937 1178 954 -
1200 896 1305 970 Haec
1323 897 1362 970 in
1379 897 1506 974 fronte
1523 899 1641 972 limbo
1660 915 1803 974 ornata
1820 943 1865 960 -
1886 895 1955 974 fot'
1978 921 2007 975 t.

405 1013 439 1086 b.
458 1010 610 1112 epistola
628 1011 982 1086 Achatzi'Morbachi
991 1011 1038 1086 ad
1054 1012 1236 1086 lectorem
1253 1058 1294 1074 -
1318 1013 1382 1088 fol.
1401 1042 1435 1089 2.
1453 1015 1623 1114 dialogus
1641 1015 1742 1090 haud
1759 1015 2000 1104 iniucundus,

378 1134 385 1146 '
404 1130 444 1203 in
461 1155 538 1230 quo
556 1127 806 1230 philosophus
823 1129 1072 1226 Medicastmm
1088 1127 1280 1230 quendam
1298 1129 1410 1231 super
1430 1131 1624 1209 erroribus
1643 1133 1683 1207 in
1700 1133 1889 1208 medendo
1902 1161 2005 1208 com·

405 1245 526 1320 missis
541 1271 672 1320 coram
689 1263 868 1344 praetore
885 1245 1040 1321 accusat.
1058 1247 1254 1322 -f01.15.
1275 1246 1310 1323 b.
1327 1247 1392 1322 lin.
1415 1251 1473 1323 31.
1490 1250 1575 1324 finit
1594 1277 1683 1324 cum
1698 1249 1882 1326 sententia
1898 1278 2007 1351 prae·

405 1364 519 1438 toris:
547 1379 674 1436 actum
696 1360 762 1435 sub
779 1361 912 1436 officio
930 1367 1057 1436 nostro
1073 1365 1317 1462 praetoriano
1334 1389 1435 1440 anno
1451 1365 1614 1441 secundo
1633 1367 1759 1443 menie
1780 1385 1917 1469 quarto
1932 1369 2006 1442 Ka·

404 1479 533 1554 lentlas
549 1478 794 1552 Decembris:
813 1478 927 1558 Char.
947 1481 1008 1555 lat.
1026 1480 1104 1554 foll.
1122 1483 1175 1556 15.
1194 1505 1273 1554 non
1290 1480 1376 1582 fign.
1393 1482 1456 1556 lin·
1477 1483 1535 1556 31.
1555 1489 1589 1572 4.

600 1619 748 1672 Panzerus
767 1616 914 1680 inannal.
930 1633 1050 1692 typogr.
1065 1619 1136 1694 To
1153 1638 1182 1693 p.
1193 1619 1257 1676 550.
1274 1619 1313 1674 N.
1322 1621 1387 1691 542,
1404 1639 1427 1675 c.
1446 1618 1628 1676 fridericum
1645 1624 1772 1698 Peypom
1790 1585 2007 1698 typographum

695 1707 962 1784 Norimbergensem
979 1707 1120 1784 designat,
1134 1711 1215 1766 ouius
1233 1709 1341 1786 insigne
1355 1709 1433 1766 inira
1447 1703 1481 1766 in
1497 1711 1588 1768 limbo
1607 1712 1660 1770 iol.
1674 1716 1762 1788 primi
1780 1713 1878 1770 exstat.

432 1937 445 1946 ,
510 1855 665 1949 751.-
694 1851 835 1924 Catulli
848 1867 963 1951 poete
979 1851 1208 1926 Veronenlis
1231 1878 1386 1928 carmon
1404 1855 1694 1956 argonauticum
1711 1851 1819 1931 Pelei
1831 1873 1869 1932 et
1891 1857 2010 1930 Theo·-

409 1972 467 2044 dis
485 1971 636 2070 nuptias
655 1985 822 2046 cantans.
837 2010 892 2054 5-
913 1969 1018 2044 Haec
1035 1969 1075 2042 in
1092 1968 1279 2044 lronte-
1304 1970 1367 2045 fot.
1390 1971 1472 2046 eod.
1492 1973 1645 2072 epillola
1666 1973 1780 2048 Jacob
1804 1975 1951 2070 Barym'
1964 1975 2011 2049 de

406 2089 552 2189 szttizlr
577 2088 624 2164 ad
644 2088 819 2162 lectores.
848 2085 1054 2187 subscripta
1076 2113 1175 2161 anno
1202 2087 1327 2162 salutis
1355 2090 1458 2188 1493.
1486 2089 1692 2165 undecimo
1709 2092 1786 2164 Kls.
1813 2092 1902 2190 May
1925 2117 2014 2165 cum

409 2208 579 2306 quinque
592 2204 753 2280 distichis
769 2249 819 2263 —
833 2204 896 2280 fol.
908 2205 941 2278 3.
956 2203 1091 2304 incipit
1108 2229 1262 2279 carmen
1279 2249 1324 2265 -
1344 2205 1408 2279 fol.
1423 2211 1475 2295 14.
1493 2206 1555 2280 lin.
1564 2207 1598 2280 3.
1620 2207 2015 2306 Argonauticumcar·
2098 2233 2102 2242 ·

408 2349 499 2397 men
521 2322 882 2419 CatulliVeronenlr's
897 2337 1012 2422 poete
1029 2321 1240 2422 hymeneoa
1257 2319 1364 2396 Pelei
1381 2338 1420 2397 et
1441 2323 1603 2397 Theano
1618 2339 1771 2398 cantant
1788 2324 1953 2426 explicit.
1963 2365 2014 2382 -·

413 2440 525 2515 Char.
545 2439 650 2538 goth.
671 2437 751 2516 foll.
773 2444 826 2530 14.
846 2464 925 2513 non
945 2437 1031 2540 fign.
1047 2439 1113 2516 lin.
1137 2437 1336 2540 17.spatiis
1356 2437 1532 2514 latissime
1548 2439 1768 2515 interiectis.
1789 2447 1823 2530 4.

604 2577 755 2634 ramerus
772 2577 804 2634 in
821 2575 920 2637 annal.
936 2578 1157 2654 typographicis
1183 2579 1217 2633 Τ.
1229 2597 1254 2652 7.
1269 2597 1299 2653 p.
1307 2577 1375 2638 235.
1391 2577 1421 2633 N
1437 2579 1502 2654 954.
1520 2580 1608 2634 etiam
1620 2578 1778 2635 editionem
1795 2577 1917 2655 Lipfioe
1930 2597 2014 2634 cura·

699 2683 758 2721 tam
773 2663 909 2734 exhibet,
926 2681 1052 2726 attamen
1072 2669 1107 2724 ab
1125 2669 1181 2725 hac
1198 2671 1313 2745 ponitus
1330 2665 1519 2728 differentem.
1597 2669 1602 2680 ’

508 2815 588 2909 752.
614 2853 661 2868 ·-
687 2810 899 2883 Encomzitm
914 2812 1143 2910 matrzinom'i
1154 2837 1223 2911 per
1240 2810 1328 2885 Des.
1348 2815 1541 2887 Erasmum
1554 2807 1886 2888 Rotarodamum'-
1903 2838 2016 2892 enco-

415 2931 537 3006 mium
555 2927 646 3004 artis
663 2926 831 3002 medicae
849 2951 920 3026 per
937 2927 1113 3002 eundem.
1132 2967 1176 2984 -
1194 2929 1357 3002 Haecin
1377 2928 1504 3005 fronte
1525 2929 1644 3004 limbo
1665 2947 1809 3004 ornata.
1828 2971 1877 2988 -
1899 2931 1963 3003 fol.
1982 2956 2016 3002 2.

411 3046 650 3124 Matrimonii
667 3045 945 3122 encomium-
961 3044 1025 3121 fol.
1038 3073 1068 3143 7.
1087 3045 1311 3121 declamatio
1329 3044 1480 3142 Erasmt'
1488 3045 1725 3149 Batoi-rodomi
1735 3044 1775 3117 in
1795 3045 2017 3120 landemar-

413 3166 461 3242 tis
489 3163 668 3240 medicae.
686 3205 736 3222 -
755 3163 833 3238 foll.
851 3191 909 3238 22.
935 3163 999 3238 lin.
1021 3181 1081 3263 29.
1104 3191 1175 3246 vot
1192 3165 1359 3265 paretis,
1393 3162 1486 3236 dum
1510 3161 1622 3236 nobis
1639 3159 1852 3237 auscultatis
1874 3161 1952 3235 dixi
1973 3201 2017 3222 ι-

416 3283 529 3358 Char.
547 3282 609 3355 lat.
627 3282 719 3380 eleg.
739 3281 814 3354 soll.
832 3307 911 3356 non
928 3279 1015 3379 llgn.
1031 3307 1088 3354 22.
1108 3280 1173 3358 lin.
1191 3282 1248 3355 31.
1271 3289 1307 3370 4.
1337 3331 1340 3338 ι
1670 3275 1674 3282 ’

608 3412 737 3476 Panzeri
751 3419 848 3478 annal.
865 3435 983 3494 typogr,
1001 3419 1037 3473 T.
1057 3435 1084 3492 9.
1100 3437 1130 3492 p.
1145 3419 1203 3490 ¹7⁵·
1219 3417 1256 3483 N,
1270 3419 1332 3489 ¹³4·

515 3571 595 3672 753.
621 3613 672 3630 -
695 3569 855 3645 Joannis
875 3569 971 3666 Huss
990 3609 1037 3630 --
1056 3570 1231 3644 locorum
1248 3569 1393 3672 aliquot
1415 3595 1461 3643 ex
1485 3566 1573 3667 Osee
1590 3585 1630 3644 et
1645 3569 2020 3672 Ezechieleprophe-
2059 3645 2078 3667 ,

413 3693 462 3766 tis
485 3718 569 3791 cap.
583 3707 623 3766 v,
643 3703 841 3766 etv111.-
859 3686 1182 3763 commendatitia
1196 3685 1323 3764 brevis
1340 3685 1555 3764 Mluthen'
1566 3687 1614 3762 ad
1634 3685 1810 3762 Othonem
1821 3686 2018 3785 Brunnsel·
2030 3684 2077 3727 '⁹‘

411 3811 525 3897 stim,
552 3808 599 3883 de
625 3807 727 3883 vitae
752 3802 942 3894 candore,¹
964 3805 1137 3882 doctrina
1161 3823 1200 3882 et
1216 3804 1403 3906 martyrio
1427 3805 1487 3882 Jo.
1514 3801 1612 3903 Huſs
1634 3805 1717 3906 lege
1740 3832 1828 3882 cum
1848 3795 2018 3902 iudicio,

417 3925 611 4000 christiane
626 3926 756 4001 lector.
778 3969 827 3984 -
844 3925 948 3999 Haec
969 3925 1010 3997 in
1031 3923 1157 3999 fronte
1174 3964 1220 3981 -·
1235 3923 1298 3998 fol.
1319 3931 1374 4024 74.
1394 3922 1458 3998 lin.
1476 3923 1533 3997 23.
1554 3921 1639 3996 finis
1658 3967 1702 3982 -
1721 3907 1940 3997 sermonum
1957 3923 2019 3996 Jo·
2307 3929 2309 4025 1

417 4045 530 4116 annis
548 4042 645 4139 Huſs
663 4042 709 4118 ad
720 4041 909 4146 populum
926 4083 976 4101 -
993 4057 1121 4116 tomus
1138 4041 1274 4116 tertius
1285 4037 1573 4142 -relpondens
1586 4037 1731 4139 priori,
1751 4038 1798 4114 de
1818 4037 2020 4124 anatomia,

415 4185 537 4260 regno
556 4175 594 4233 et
608 4160 754 4258 populo
765 4158 983 4234 Antichristi
997 4197 1047 4216 -
1061 4157 1124 4232 fol.
1140 4185 1173 4232 2.
1192 4159 1344 4266 epistola
1364 4157 1519 4232 Othonis
1528 4153 1816 4252 Brunnfilsri‘ad
1824 4156 2022 4229 Martanum

417 4279 613 4352 liutherum
634 4276 697 4351 fot.
719 4271 802 4351 eod.
825 4276 860 4350 b.
878 4277 1047 4377 epitome
1063 4276 1238 4350 omnium
1255 4276 1424 4376 capitum
1437 4273 1535 4349 tomi
1551 4269 1655 4347 tertii
1670 4271 1855 4347 hicanis
1869 4271 2021 4368 Huss-

418 4399 482 4472 lol.
497 4400 557 4476 52.
573 4421 654 4470 non
670 4393 756 4494 flgn.
774 4394 836 4468 lin.
848 4395 895 4468 30
907 4395 1109 4497 -reliquo
1120 4394 1196 4498 ipse
1212 4392 1417 4494 expendito
1431 4417 1503 4493 per
1523 4405 1562 4500 te
1577 4392 1716 4478 lector,
1738 4415 1810 4464 noa
1829 4413 1918 4461 cum
1930 4411 2021 4461 con·
2069 4445 2073 4456 .

418 4515 582 4590 clulione
597 4513 801 4590 voluminis
820 4513 1010 4612 cogimur,
1027 4528 1066 4587 et
1080 4511 1294 4587 sermonem
1309 4535 1465 4616 quoque
1485 4507 1724 4584 concludere.
1739 4549 1789 4566 -
1803 4505 1899 4579 linia.
1909 4504 2023 4578 Char.

422 4631 482 4708 lat.
500 4629 598 4731 glotr.
619 4657 735 4732 marg.
758 4633 831 4708 loll.
847 4631 942 4706 tomi
963 4631 1079 4732 primi
1103 4631 1158 4728 78.
1179 4667 1228 4704 .·.
1241 4629 1337 4703 tomi
1356 4625 1509 4702 fecundi
1529 4625 1586 4700 56.
1610 4625 1674 4700 lin.
1695 4625 1754 4700 38.
1773 4631 1808 4713 4,

616 4770 697 4846 Opus
716 4771 889 4828 utillimum
902 4791 933 4831 v.
951 4769 1079 4828 Panzeri
1094 4767 1193 4825 annal.
1210 4783 1325 4845 typogr,
1345 4767 1381 4826 T.
1400 4787 1428 4844 9.
1445 4787 1477 4843 p.
1497 4783 1548 4840 ¹79
1567 4759 1619 4830 eto.
1638 4765 1750 4821 Baom'
1767 4759 1947 4820 Billiotleca
1969 4757 2022 4819 tib.

654 4897 657 4904 ·
709 4881 767 4928 rer.
781 4865 820 4922 Τ.
837 4883 858 4922 t.
874 4884 904 4940 p.
916 4867 976 4923 152.
999 4867 1087 4924 Tam.
1102 4879 1125 4920 ι.
1141 4861 1336 4920 bibliothecae
1353 4861 1467 4918 noha·
1482 4857 1569 4918 dua.

1038 5005 1398 5032 w
