4676 5858
765 701 888 810 entur
913 747 1086 810 sancum
1111 751 1426 810 moeniorum
1451 753 1608 810 unxrx.
1906 743 1946 816 5ι

358 933 439 1008 eod.
466 931 502 1007 b.
525 929 769 1032 privilegium
784 929 1047 1003 Marrme'liani
1068 927 1199 1003 datum
1225 926 1264 1000 in
1289 928 1433 1028 oppido
1457 931 1563 1002 Vucls
1587 931 1739 1030 (Wels)
1765 932 1825 1008 die
1853 959 1958 1010 nona

352 1051 447 1125 Dec.
466 1050 565 1124 Arm.
581 1049 634 1122 M.
649 1049 698 1122 D.
717 1046 862 1131 XVIII,
880 1044 944 1119 Iol.
961 1061 994 1119 2.
1011 1043 1197 1145 praefatio
1219 1045 1363 1118 Wn'chi
1375 1047 1529 1138 Huttem'
1540 1045 1586 1122 ad
1601 1047 1787 1124 Albertum
1808 1051 1952 1128 archie-

229 1234 234 1242 .
354 1167 554 1268 pilcopum
569 1165 843 1265 Moguntinum
869 1163 1012 1239 directa
1037 1209 1084 1226 -
1103 1163 1196 1238 baec
1214 1161 1333 1236 limbo
1349 1162 1545 1263 Iplendido
1573 1165 1715 1240 inclula
1728 1191 1817 1242 cum
1836 1169 1952 1244 armis

354 1286 501 1358 Albem'
514 1282 801 1383 Arcbiepilcopi
820 1323 865 1340 -
886 1281 951 1356 fol.
971 1281 1004 1356 3.
1021 1278 1419 1377 Erasmilloterodami
1440 1282 1593 1381 epistola
1610 1283 1658 1358 ad
1672 1283 1952 1362 Milobarbaros

355 1419 395 1478 et
411 1400 647 1476 Philomulaa
661 1441 712 1458 -
726 1400 795 1472 Iol.
822 1398 904 1474 eod.
928 1399 963 1473 b.
982 1397 1097 1472 index
1117 1439 1169 1456 -
1183 1396 1246 1471 Iol.
1267 1400 1324 1493 57.
1349 1397 1482 1498 incipit
1499 1399 1605 1473 Flon‘
1630 1401 1800 1501 epitome
1825 1445 1871 1461 -
1888 1402 1952 1478 lol.

351 1521 410 1595 80.
434 1519 471 1593 T.
489 1520 614 1592 Liuias
629 1517 823 1590 Patavium
836 1513 1033 1590 historicus
1053 1514 1203 1590 duobus
1221 1514 1482 1590 voluminibus
1498 1541 1631 1591 recens
1652 1545 1698 1592 ex
1726 1525 1871 1595 vetusto
1882 1547 1952 1596 co·

352 1637 435 1712 dice
451 1634 666 1735 Moguntin.
684 1634 936 1710 bibliothecae
955 1650 1097 1708 auctus.
1113 1619 1207 1706 haec
1228 1627 1381 1726 noviter
1397 1632 1514 1710 limbo
1537 1632 1731 1734 splendido
1750 1637 1954 1714 inclula-
2067 1719 2069 1724 ,

351 1755 418 1842 fot,
444 1755 501 1828 81.
526 1753 563 1829 b.
593 1752 764 1827 continet
796 1749 1035 1851 epitaphium
1060 1750 1219 1823 loannis
1245 1747 1436 1846 Schaeffer
1456 1752 1582 1826 mense
1605 1753 1817 1846 Novembri
1847 1757 1949 1832 Ann.

326 1909 332 1918 ·
350 1869 823 1968 Mva111.-fot.459.
844 1867 998 1969 epiflola
1011 1867 1164 1942 Nicolai
1184 1865 1383 1973 Carbacbii
1395 1868 1442 1942 ad
1459 1867 1643 1943 lectorem
1663 1909 1709 1926 -
1730 1871 1793 1946 fol.
1813 1873 1897 1948 eod.
1914 1873 1954 1961 b,

353 2003 589 2070 annotataer
604 1990 749 2062 vetusto
766 1985 907 2072 codice,
925 2011 1023 2085 quae
1042 1983 1089 2058 ad
1098 1983 1253 2084 paginas
1265 1999 1304 2058 et
1319 2009 1502 2060 numeror
1519 1986 1648 2085 operis
1659 1985 1693 2061 Ie
1711 1985 1745 2061 Ie
1761 1988 1953 2063 referunt:

352 2106 438 2180 finis
456 2105 598 2179 horum
616 2117 902 2180 amnotatorum
926 2115 967 2176 et
981 2101 1101 2176 totius
1125 2101 1263 2202 operia.
1281 2102 1345 2178 fol.
1364 2109 1447 2199 472.
1466 2103 1530 2176 lin.
1549 2104 1605 2175 51.
1635 2103 1717 2177 Hac
1736 2129 1823 2178 cum
1842 2131 1952 2206 prae·
2013 2149 2028 2172 υ

352 2223 452 2297 toria
465 2247 573 2296 nave.
595 2223 653 2312 43.
672 2220 785 2296 Char.
802 2220 864 2294 lat.
880 2218 1009 2318 grand.
1027 2216 1231 2319 splendidis
1242 2218 1384 2319 liguris,
1403 2214 1616 2319 litterisque
1633 2218 1840 2297 initialibus
1859 2221 1952 2298 inci-
1987 2246 1993 2256 ·

355 2339 408 2416 fis.
420 2365 504 2440 pag.
529 2341 609 2436 730.
631 2338 717 2437 lign.
734 2337 838 2414 follia
855 2363 950 2413 vero
968 2336 1008 2411 in
1023 2351 1106 2412 toto
1124 2341 1208 2432 472.
1225 2335 1289 2410 lin.
1309 2337 1366 2426 54.
1383 2335 1408 2408 f.
1528 2423 1531 2431 .

417 2575 425 2588 ι
541 2509 669 2566 Pauori
685 2507 783 2563 annal.
798 2522 915 2582 typogr.
941 2507 977 2564 T.
994 2527 1022 2578 7.
1034 2525 1067 2580 p.
1085 2515 1151 2579 4²¹·
1169 2505 1208 2560 N.
1222 2522 1267 2580 ²9·
1286 2506 1387 2561 Merite.
1406 2505 1442 2560 T.
1459 2519 1485 2562 α.
1499 2525 1531 2584 p.
1548 2505 1612 2564 315.
1632 2506 1722 2570 latius
1738 2507 1796 2566 boo
1810 2497 1953 2586 praestru-

498 2629 501 2635 ,
640 2598 778 2654 :immam
794 2617 867 2674 opat
886 2597 1025 2672 exposui,
1044 2611 1078 2650 ut
1092 2595 1238 2652 diverfima
1256 2596 1488 2672 exemplarium,
1509 2618 1595 2674 quam
1612 2601 1766 2658 Homeb'us
1783 2603 1815 2658 in
1825 2603 1861 2660 N.
1872 2603 1961 2660 Bibl-

637 2689 674 2744 T.
691 2706 719 2744 a.
733 2709 763 2763 p.
785 2691 846 2746 133.
864 2687 1029 2752 indicavit,
1050 2705 1085 2742 eo
1099 2685 1216 2746 tacittru
1233 2687 1318 2765 poffit
1333 2690 1461 2768 conspici
1478 2723 1514 2738 ·-
1530 2691 1596 2754 Van
1618 2691 1668 2750 der
1687 2695 1790 2752 Hurdt
1806 2697 1952 2771 Autegra-

637 2779 764 2854 phorum
777 2777 903 2838 Lutberi
921 2780 960 2843 Τ.
970 2779 998 2834 3.
1016 2798 1046 2856 1³·
1063 2779 1108 2836 ιδ.

1019 3135 1074 3214 Μ.
1098 3136 1146 3211 D.
1168 3135 1284 3212 XIX:

448 3357 527 3454 71⁵·
545 3391 593 3412 -
607 3353 671 3426 Ex
685 3377 775 3426 novo
788 3348 995 3447 testamento
1016 3365 1182 3450 quatuor
1203 3346 1398 3447 evangelia
1421 3347 1496 3422 iam
1512 3348 1638 3426 denuo
1655 3353 1703 3426 ab
1718 3355 1951 3446 Erasmollo-
1983 3429 1987 3436 .

349 3475 531 3548 rerodamo
549 3468 760 3570 recognita,
777 3466 978 3544 emendata
991 3492 1034 3541 ac
1051 3465 1181 3540 liberis
1199 3464 1316 3552 versa,
1334 3491 1414 3540 non
1427 3465 1546 3541 solum
1564 3469 1610 3543 ad
1628 3471 1867 3568 Graecorum
1884 3501 1950 3550 ve-

349 3590 521 3676 ritatem,
539 3612 676 3662 verum
695 3585 811 3660 etiam
828 3583 874 3660 ad
899 3583 1113 3658 multorum
1127 3583 1323 3684 utriusque
1342 3582 1492 3684 linguae
1509 3585 1703 3675 codicum,
1733 3613 1948 3692 eorumque

346 3721 525 3780 veterum
536 3703 641 3776 limul
660 3718 698 3776 et
713 3701 1003 3776 emendatorum
1019 3699 1146 3787 fidem,
1167 3700 1621 3801 consultisprobatillimis
1637 3705 1845 3795 autoribus,
1858 3707 1954 3810 quid
1985 3809 1986 3814 Ἰ

349 3821 486 3908 citent,
503 3819 596 3921 quid
614 3820 755 3918 legant,
777 3817 927 3918 etquid
949 3816 1268 3917 interpretentur,
1286 3818 1339 3894 ita
1357 3834 1401 3893 ut
1417 3819 1541 3896 Iermo
1559 3837 1664 3898 totus
1682 3823 1819 3900 latinae
1836 3851 1949 3902 mun-
2041 3861 2043 3866 ’

351 3937 462 4012 ‹liciei
484 3935 525 4010 lit
549 3935 740 4022 redditus,
766 3933 865 4009 Ialva
892 3933 1128 4036 fimplicitate
1157 3932 1333 4010 dictionis
1355 3937 1588 4038 apostolicae.
1626 3939 1810 4042 Quisquis
1835 3941 1952 4042 igitur
2002 3949 2004 3956 '

299 4073 301 4080 “
349 4083 451 4131 amas
474 4075 604 4130 veram
621 4050 873 4151 Theologiam
898 4052 998 4151 lege,
1027 4050 1229 4149 cognosce,
1253 4079 1297 4126 ac
1321 4051 1456 4128 deiude
1483 4054 1616 4131 indica.
1636 4059 1689 4132 M.
1706 4059 1753 4132 D.
1773 4059 1882 4134 XIX.
1901 4105 1952 4122 -

349 4174 455 4248 llaec
473 4172 511 4244 in
532 4171 657 4246 fronte
675 4169 793 4243 limbo
812 4173 966 4244 venusto
985 4184 1127 4244 ornata.
1148 4167 1213 4246 fot.
1237 4167 1320 4243 eod.
1337 4169 1372 4244 b.
1390 4171 1467 4247 vita
1482 4171 1594 4247 sancti
1611 4175 1783 4250 Mathaei
1800 4205 1871 4279 par
1894 4181 1951 4254 di-

348 4315 441 4364 vum
459 4289 716 4390 Hieronymum
735 4331 781 4345 -
803 4287 866 4362 Iol.
883 4303 916 4360 2.
937 4285 1022 4386 fign.
1041 4284 1175 4386 incipit
1191 4286 1429 4390 evangelium
1447 4287 1656 4396 secundum
1673 4293 1883 4368 Mathaeum
1899 4339 1949 4360 ·-
2067 4381 2071 4386 .
2186 4341 2188 4352 ·

346 4407 410 4482 lol.
434 4434 511 4508 119.
527 4405 592 4480 lin.
609 4402 828 4505 20.L1psiae
845 4431 893 4480 ex
912 4403 1069 4480 officina
1083 4403 1252 4481 industrii
1278 4405 1466 4480 Valentini
1481 4407 1723 4497 Schumrmni,
1750 4439 1850 4486 anno
1873 4413 1951 4490 dei-

347 4551 462 4625 parae
487 4539 620 4624 partus
647 4521 962 4624 sesquimillefimo
987 4521 1254 4600 nonodecimo.
1277 4525 1331 4600 15.
1357 4523 1547 4600 Kalendas
1573 4527 1817 4607 Novembris.
1833 4530 1948 4610 Char.

348 4641 409 4716 lat.
427 4639 568 4742 splend.
585 4641 662 4762 loll.
684 4667 763 4740 ¹¹9·
779 4639 866 4740 fign.
886 4641 950 4734 lin,
967 4648 1025 4732 24.
1042 4645 1077 4732 4.
1106 4685 1113 4705 ι
1838 4635 1844 4643 '¹

539 4811 667 4870 Pcnzrrr‘
685 4809 781 4870 annal.
797 4826 915 4888 typogr.
931 4812 967 4868 T.
982 4831 1011 4886 7.
1028 4829 1058 4887 p.
1074 4825 1137 4868 oro.
1156 4810 1194 4867 tt.
1210 4805 1273 4882 728.
1802 4861 1819 4904 t
