4676 5858
688 789 811 848 rann
835 789 1009 849 saccum
1034 789 1359 884 rrroeanrmcr.
1385 791 1594 850 mnmxvr.
1624 873 1631 879 .
1883 775 1930 847 55

332 981 481 1042 tantum
497 967 543 1042 ad
559 966 726 1064 linguam
740 968 931 1067 puerilem
951 967 1218 1068 expoliendam
1237 967 1364 1056 utiles,
1379 989 1517 1041 verum
1540 969 1655 1042 etiam
1675 967 1722 1040 ad
1740 965 1858 1042 vitam
1875 965 1933 1039 in-

329 1083 569 1158 stituendam:
594 1109 699 1158 nunc
714 1087 947 1184 postremum
968 1100 1078 1162 aucte
1096 1111 1167 1185 per
1188 1099 1394 1160 auctorem.
1412 1129 1457 1143 -
1475 1085 1636 1160 Haecin
1657 1083 1793 1158 fronte.
1815 1083 1878 1157 sol.
1895 1109 1928 1156 a.

261 1250 264 1258 ι
329 1201 491 1300 Epistola
507 1200 899 1275 Erasmilloterodami
908 1203 956 1276 ad
969 1203 1161 1276 Erasmum
1168 1197 1379 1276 Fvobenricm
1391 1241 1435 1265 -·
1454 1202 1517 1302 fol.
1541 1225 1620 1302 190.
1635 1202 1670 1276 b.
1687 1200 1751 1274 lin.
1776 1227 1829 1302 ¹9·
1847 1199 1932 1274 finis

332 1316 591 1394 excudebatur
608 1343 707 1393 anno
725 1317 959 1425 M.D.XXV.
980 1320 1092 1395 Char.
1111 1321 1171 1395 lat.
1191 1319 1563 1419 soll.190.nonstgn.
1583 1319 1646 1392 lin.
1666 1344 1725 1415 27.
1746 1319 1781 1391 8.

524 1510 674 1565 Panto-us
693 1509 726 1562 in
741 1506 837 1564 annul.
854 1523 972 1584 typogr.
991 1510 1041 1566 sex
1053 1509 1179 1568 diversas
1194 1501 1448 1566 editiouetharum
1466 1507 1801 1565 sormularumflasr'leae
1818 1462 1934 1562 instruc-

624 1615 667 1655 tas
685 1600 718 1656 in
733 1599 853 1676 registro
870 1620 899 1676 p.
912 1596 969 1657 328
980 1617 1007 1657 et
1019 1603 1075 1676 329
1088 1602 1233 1688 recensete
1253 1601 1326 1660 haec
1343 1615 1437 1658 autem
1451 1603 1509 1678 ipsi
1524 1601 1629 1677 ignota
1647 1615 1716 1656 erat

431 1804 512 1900 726.
538 1845 588 1865 -
615 1804 797 1904 slvesauro
814 1807 861 1883 de
878 1809 1096 1882 Scrt'tton'-
1111 1832 1230 1908 opera
1246 1807 1444 1883 artificiosa
1456 1809 1491 1880 la
1506 1807 1617 1908 quale
1636 1831 1709 1880 con
1729 1797 1936 1904 grandiidi-

226 1943 234 1956 ·
264 1940 269 1947 ’
332 1947 395 1996 ma
409 1937 510 2008 arte,
528 1922 560 1996 ei
577 1950 649 2024 per
665 1923 813 2024 pratica
829 1949 939 2000 come
960 1950 1032 2025 per
1046 1926 1257 2022 geometria
1270 1923 1424 2026 insegna
1446 1952 1470 1999 a
1485 1923 1648 1999 scrivere
1667 1921 1813 1998 diverse
1835 1919 1935 1994 sorte

332 2037 478 2123 littere,
507 2040 589 2112 etot
606 2040 914 2128 cancellarescha,
933 2041 1232 2128 mercantescha,
1260 2041 1441 2128 formata,
1470 2041 1633 2127 curlina,
1660 2039 1831 2139 antiqua,
1856 2060 1937 2109 mo·

335 2153 462 2244 derna,
479 2171 519 2232 et
533 2156 717 2245 basta-da,
742 2159 797 2262 ,de
814 2159 883 2260 piu
899 2158 1009 2246 sorte,
1027 2185 1115 2236 cum
1133 2159 1227 2235 varii
1246 2187 1267 2235 e
1284 2158 1469 2234 bellissimi
1485 2156 1649 2256 exempli
1669 2155 1717 2230 ed
1734 2153 1828 2230 altre
1838 2152 1937 2225 sorte

335 2271 460 2346 littere
477 2273 523 2348 de
539 2274 643 2350 varie
664 2275 812 2375 lingue:
834 2277 917 2350 cioe
932 2277 1089 2377 grecha,
1109 2277 1331 2364 hebraicha,
1350 2275 1478 2350 caldea
1495 2274 1542 2348 ed
1560 2271 1728 2359 arabica,
1754 2285 1853 2344 tutte
1872 2295 1938 2344 ex·

335 2402 450 2465 tratte
474 2391 521 2466 da
546 2391 678 2468 diverfi
697 2393 983 2494 eprobatiffimi
1003 2396 1145 2480 auttori
1168 2421 1189 2468 e
1213 2391 1508 2468 maffimamente
1534 2390 1581 2465 da
1603 2390 1640 2464 lo
1665 2386 1936 2489 preclariffimo

310 2537 313 2544 ’
335 2506 688 2604 SagismundoFanto
704 2512 833 2587 nobile
845 2509 1036 2599 serrarese,
1054 2509 1324 2586 mathematico
1346 2524 1385 2583 et
1401 2503 1935 2592 architettore'eruditillimo,
1975 2557 1980 2564 ·

337 2623 421 2700 dele
442 2623 592 2701 mesore
619 2655 639 2702 e
663 2629 820 2727 ragione
850 2627 897 2703 de
924 2628 1050 2704 littere
1075 2625 1203 2726 primo
1228 2625 1450 2713 inventore,
1480 2623 1674 2726 intagliate
1697 2649 1768 2724 per
1795 2623 1872 2721 Ugo
1892 2620 1940 2696 de

339 2742 469 2840 Carpi,
491 2766 581 2815 cum
598 2742 718 2840 gratia
734 2760 773 2817 et
790 2743 1038 2843 privilegius·
1060 2744 1106 2817 A.
1127 2743 1164 2817 S.
1198 2744 1381 2818 Anchore
1406 2743 1555 2844 insegna
1574 2742 1621 2817 de
1642 2757 1879 2840 attemperare
1902 2739 1937 2811 le

336 2881 463 2954 penne
485 2856 649 2931 secundo
673 2856 818 2934 diverse
839 2859 940 2936 sorte
959 2860 1104 2948 littere,
1129 2887 1151 2936 e
1175 2860 1399 2962 cognoscere
1419 2861 1455 2935 la
1479 2859 1644 2936 bontade
1666 2857 1714 2933 de
1728 2903 1729 2910 κ
1742 2855 1888 2956 quelle,
1918 2881 1940 2928 e

337 2988 462 3060 carte,
491 3001 512 3048 e
532 2972 613 3049 sare
629 2975 832 3051 inchiostro
851 2993 890 3054 et
904 2977 1082 3065 verzino,
1107 2978 1289 3078 cenaprio
1305 3004 1325 3052 e
1343 2977 1514 3064 vernice;
1538 2997 1628 3051 cum
1647 2973 1758 3050 multi
1776 2973 1862 3047 altri
1884 2970 1938 3047 se-

338 3089 435 3164 creti
453 3088 661 3190 pertinenti
678 3094 737 3168 alo
756 3095 878 3194 polito
898 3075 937 3171 et
952 3096 1154 3170 eccellente
1170 3085 1371 3180 scrittore,
1382 3117 1491 3167 come
1507 3118 1578 3192 per
1594 3106 1632 3165 te
1656 3089 1861 3166 medellmo
1886 3090 1939 3165 le·

340 3206 465 3306 gendo
482 3209 684 3309 imperarai
700 3213 763 3286 nel
781 3239 880 3287 anno
900 3213 938 3286 di
955 3216 1078 3288 nostra
1096 3210 1211 3289 salute
1219 3209 1456 3285 M.D.XXV.
1467 3249 1515 3266 -
1533 3207 1638 3280 Haec
1656 3206 1697 3279 in
1706 3207 1832 3282 fronte
1850 3231 1940 3283 curn

339 3323 450 3400 icone
467 3325 629 3402 duarum
646 3328 818 3406 manium
835 3329 968 3417 ineisa,
993 3330 1180 3404 calamum
1196 3342 1235 3402 et
1249 3352 1407 3401 menum
1422 3322 1699 3423 ffirrigentium.
1716 3365 1757 3379 -·
1776 3323 1861 3398 finit
1876 3324 1942 3398 fol:

339 3441 399 3531 43.
415 3467 495 3518 non
513 3443 600 3542 sign
618 3471 707 3521 cum
722 3443 994 3546 subscriptione
1013 3446 1180 3545 Angelus
1197 3442 1411 3548 Mattiacas&
1427 3438 1652 3542 composuit.
1680 3439 1791 3513 Char.
1809 3439 1940 3538 grand.

338 3583 427 3744 lcnm
446 3559 646 3749 pegmultia
667 3563 798 3662 figuris
814 3563 1026 3640 abeuduriis
1051 3563 1264 3666 litterisque
1285 3561 1389 3664 ligno
1416 3559 1547 3636 incills.
1571 3557 1649 3634 soll.
1666 3564 1724 3648 42.
1747 3582 1828 3660 non
1852 3553 1940 3656 sign.

246 3721 247 3726 =
354 3699 444 3748 una
466 3727 481 3752 .
525 3703 686 3776 majus.
1393 3703 1396 3708 “

530 3861 612 3938 Opus
630 3867 763 3941 nuspiam
779 3869 945 3926 reeenfimm
960 3869 1138 3928 rarissimum
1154 3883 1182 3926 et
1198 3869 1277 3945 quast
1293 3889 1345 3948 per
1360 3883 1453 3928 totum
1472 3867 1595 3925 incisum
1613 3864 1664 3958 else
1674 3879 1802 3942 apparet.

992 4129 1046 4204 M.
1071 4129 1120 4204 n.
1147 4129 1294 4204 xxvr.
1336 4075 1340 4082 ¹

440 4363 519 4434 727·
546 4377 595 4395 -
620 4341 733 4412 Sacra
749 4339 863 4414 biblio
879 4339 925 4414 ad
944 4339 1070 4416 Lxx.
1092 4317 1488 4442 interpretum'fidem
1513 4335 1788 4435 diligentissime
1805 4348 1941 4416 trecte—

346 4465 393 4526 ta.
409 4495 458 4511 -·
475 4454 668 4554 slastleae,
691 4483 762 4557 per
772 4457 957 4532 Andream
977 4459 1220 4533 Cratandmm.
1242 4459 1357 4532 Anno
1381 4453 1635 4531 M.D.XXVl.
1658 4478 1746 4527 cum
1770 4449 1890 4550 gratia
1905 4465 1945 4524 et
1969 4497 1970 4502 κ

346 4570 547 4672 privilegio
563 4573 754 4650 Caesareo.
773 4617 819 4634 -
846 4577 950 4651 llaec
968 4576 1009 4650 in
1023 4577 1163 4665 fronte,
1181 4576 1245 4652 sol.
1263 4603 1297 4650 a.
1324 4575 1491 4649 Andreae
1516 4571 1711 4645 Cratandn‘
1723 4567 1876 4669 epistola
1895 4565 1943 4641 ad

347 4687 526 4764 studiosos
537 4691 575 4766 8.
586 4691 800 4792 litterarum
817 4694 904 4768 data
922 4694 976 4770 13.
988 4696 1086 4794 Aug.
1111 4693 1343 4769 1526.-f01.
1362 4693 1446 4768 eod.
1458 4692 1494 4767 b.
1512 4690 1559 4764 de
1576 4687 1805 4764 authoritate
1816 4681 1945 4762 LXX.

350 4801 735 4904 interpretum-sol.
750 4813 784 4886 6.
801 4809 980 4886 elenchus
1000 4827 1117 4888 veter.
1134 4815 1274 4886 tellam
1290 4851 1334 4870 ·-
1349 4808 1418 4910 sol.
1434 4836 1464 4884 1.
1489 4807 1575 4907 sign.
1592 4804 1727 4907 incipit
1752 4803 1870 4880 biblia
1889 4801 1944 4878 sa·

353 4945 475 4998 ora-
487 4922 551 5000 sol.
566 4927 651 5018 443.
666 4926 730 5006 lin.
754 4954 808 5005 ra.
823 4927 907 5005 linia
927 4927 1121 5026 Basileae,
1140 4953 1211 5030 per
1227 4926 1413 5004 Andream
1427 4925 1663 5003 Crataadmm
1684 4949 1772 5006 cum
1786 4921 1943 5024 privile·
